1838 3046
42 119 89 145 531
645 118 797 145 Etouttxtt
819 119 931 146 Jittlotu
953 119 1059 146 titt⁴1.tt.
1609 115 1659 140 :83

42 183 120 210 quani
147 175 194 202 suit
224 182 324 201 otiosus
351 176 456 209 (otium
489 175 559 201 enim
578 179 602 200 et
619 175 748 200 desidiam
766 180 823 199 tan·
840 178 862 205 Α
878 177 1036 202 ιιιιιιι;ιι·1ιιιιιι
1064 175 1180 201 tolerare
1204 179 1338 208 poterant.
1365 179 1404 200 :tn
1431 179 1583 207 episcopatu
1609 172 1659 197 l're-

42 229 122 255 quam
139 221 235 247 lethale
251 221 386 254 quoddam
405 229 546 250 vencnum,
565 221 688 254 ipsu'sque
707 221 821 250 desides,

43 271 74 292 ut
98 266 247 299 reipubtieae
270 265 377 291 inutiles
401 274 432 291 ac
458 265 623 299 perniciosos
654 272 822 296 summopere

42 310 152 344 oderat)
168 319 174 342 ;
196 310 258 343 quin
276 310 361 343 plura,
376 315 402 335 et
420 310 551 340 doctiora,
567 309 726 341 utilioraqne
741 309 823 334 edidit

43 363 133 389 opera.
151 364 229 388 qnzmi
259 356 326 381 ullus
351 363 406 381 suae
435 355 551 381 tortasse
579 354 666 380 :etatis
683 354 753 379 alins
773 361 778 378 :
796 358 823 379 nt

44 409 102 426 enm
120 401 200 426 Paulo
215 401 302 427 dicere
315 401 429 435 potuerit
447 410 452 426 :
471 400 541 426 Tunc
561 405 651 433 putens
671 407 740 428 sitin.
765 407 822 424 rum

44 447 162 480 infirmor
178 455 185 472 :
203 448 282 473 virtus
313 447 380 472 enini
411 447 436 471 iit
464 446 616 478 infirmitate
642 444 822 477 pertiri'tiii·“⁸.

44 494 114 519 Mbil
139 492 209 519 enim
232 493 256 519 ei
285 492 433 521 excidebat.
463 499 495 516 ne
523 495 686 516 momentum
717 490 822 523 quidem

45 538 181 571 temporis.
201 544 248 563 nee
266 537 336 563 diem
353 536 431 562 ullam
461 535 512 561 labi
538 535 643 561 sinebat
669 535 726 561 sine
744 535 823 565 linea,

44 583 97 609 inio
122 591 170 609 nec
197 583 255 609 sine
277 587 387 609 exarata
412 580 506 608 saltem
529 581 624 615 pagina
639 581 736 614 aliqua.
758 579 822 605 Nam

44 628 140 654 inorbo
157 628 237 654 etiam
272 627 398 653 laborans
416 626 461 660 (ut
482 625 667 660 frequentibus
693 630 751 651 erat
776 625 822 650 ob·

44 674 150 703 noxius,
167 670 283 699 maxime
306 672 456 702 articulari.
471 676 497 698 et
515 671 687 703 fluxionibus)
703 670 823 695 relaxato

43 718 84 744 vel
114 718 268 744 intermisso
294 718 386 744 dolore
401 725 495 744 vei-sus
517 718 622 750 aliquos
638 717 678 742 vel
704 717 822 746 tisun-os,

44 763 84 789 vel
101 762 218 793 Latinos,
236 763 275 788 vel
292 763 370 789 ctiam
391 762 517 793 Gallicos,
533 766 576 788 aut
594 762 664 787 aliud
679 761 822 796 {quidpiam

43 815 148 841 semper
164 806 305 834 condebat.
331 806 436 832 Etenim
460 807 552 832 silvam
581 806 660 832 ctiam
679 806 822 839 quamdam

879 226 990 253 qne-nter
1006 220 1055 246 sibi
1070 220 1160 245 oblato
1175 225 1300 252 tanquam
1322 227 1336 244 a
1358 219 1429 244 letali
1455 218 1564 250 sei-polo
1586 226 1658 242 stein-

879 273 925 298 per
954 265 1082 298 profugit,
1109 273 1137 291 st:
1165 269 1238 290 tanto
1269 271 1378 290 munere
1407 264 1542 296 indignum
1574 268 1658 295 ratus,

879 310 968 335 inultis
988 310 1072 336 fretus
1100 313 1254 335 sanetorum
1269 313 1294 335 et
1309 308 1522 333 doctissimorum
1539 308 1660 341 antiquo-

879 363 935 381 rum
954 355 1060 381 Patruin
1079 355 1257 388 exeiiqilis‚et
1285 362 1380 385 magno
1395 354 1489 379 animai
1506 353 1661 379 imminente

879 401 996 433 peiieulo
1011 401 1167 427 deterritus.
1191 401 1287 427 Animo
1302 405 1390 425 :intem
1411 407 1480 432 azo-pe
1503 399 1660 432 angebatur,

881 445 1038 478 ferebatque
1073 445 1257 477 indignissime
1287 443 1357 477 qnod
1385 443 1512 477 episcopi,
1541 444 1660 473 abbates,

879 498 966 522 reges,
985 499 1016 516 ae
1033 491 1172 524 pontillces
1189 490 1337 516 sacerdotia
1363 495 1415 515 tam
1435 489 1503 513 male
1532 488 1662 518 locarent,

877 540 903 560 ct
917 536 1014 560 (dii-isti
1035 543 1098 561 oves
1114 539 1187 560 tanto
1200 534 1285 568 pretio
1298 534 1450 565 redemptas
1463 532 1531 566 lupis
1547 540 1617 564 swpc
1632 540 1662 558 :ic

880 578 999 604 leonibus
1015 579 1098 611 (addo
1119 579 1212 611 etiam)
1234 583 1259 604 et
1282 578 1422 604 lenonibus
1453 576 1662 602 eoiiiniitierent.

914 624 950 649 Ex
965 624 1040 657 cujus
1059 624 1157 649 Christi
1170 623 1262 649 scbola
1277 627 1303 648 ut
1319 623 1407 649 omnis
1422 622 1527 656 generis
1539 621 1662 652 virtutes.

879 670 993 695 maxime
1021 678 1085 695 vero
1103 670 1186 703 ipsius
1213 669 1347 703 propriam
1368 668 1557 702 perdidicerat.
1577 672 1662 693 tanto-

877 723 928 748 que
941 716 1072 749 cupidius.
1094 721 1198 749 quanto
1222 715 1305 748 magis
1327 714 1421 740 oderat
1438 714 1531 739 vitium
1550 713 1585 739 illi
1603 721 1664 738 eou-

878 761 1005 793 trariuin,
1029 761 1099 795 quod
1129 762 1235 794 angelos
1259 762 1328 794 ipsos
1354 761 1387 787 de
1411 760 1478 786 coelo
1501 760 1662 785 deturbavit.

877 806 942 832 Cum
959 807 1105 833 humilibus
1126 809 1236 840 repebat
1251 807 1337 838 tinini,
1352 814 1411 832 cum
1424 806 1545 839 superbis
1561 810 1586 831 ct
1607 806 1664 831 ela·

43 852 92 878 sibi
106 857 246 886 paraverat
259 852 454 878 sententiarum
477 856 503 877 et
516 855 747 884 argumentorum,
764 858 822 883 quae
841 850 860 876 B
875 851 908 876 tis
937 850 1006 876 male
1031 851 1192 876 colnerebnt.
1208 851 1321 876 Generis
1345 850 1385 876 sui
1411 850 1587 879 nobilitatem,
1605 857 1664 882 qnae

44 898 69 923 in
85 897 162 929 lecto.
180 897 222 924 ubi
243 905 294 923 non
313 897 410 923 licebat
425 897 522 923 multos
537 897 620 923 libros
635 897 750 928 volvere,
767 905 825 923 ver-

44 948 115 969 saret
131 943 232 973 animo,
245 949 270 969 et
284 943 441 969 amanuensi
455 942 578 968 dictaret.
593 943 660 974 Quin
673 943 751 968 etiam
765 950 824 968 cnm

44 989 186 1021 aliquando
208 989 352 1021 equitaret,
369 996 382 1014 a
402 988 530 1014 comitatu
558 995 628 1021 soepe
643 988 782 1014 secedebat
799 992 826 1013 ut

48 1034 213 1059 meditationi
236 1039 352 1065 vacaret,
373 1038 398 1060 et
416 1041 446 1060 ca
467 1041 526 1067 quat:
552 1033 576 1059 in
594 1034 683 1059 animo
702 1033 824 1063 babebat,

47 1079 115 1112 apud
129 1087 156 1105 se
171 1079 294 1113 agitaret,
306 1087 419 1112 quorum
432 1079 521 1112 capita
538 1080 717 1113 pugillaribus
733 1079 826 1105 'mseri-

44 1125 107 1151 bere
120 1125 234 1156 solebat,
255 1125 333 1158 idque
348 1125 444 1158 raptim
457 1122 486 1151 'et
502 1125 603 1151 sui-tim.

79 1171 99 1195 A
123 1178 163 1195 nie
178 1177 296 1203 namque
311 1170 477 1202 potissimum
492 1178 551 1197 sese
567 1171 742 1202 subducebat,
755 1170 825 1204 qnod

43 1215 67 1242 ei
96 1216 192 1249 saepius
216 1215 371 1248 objicerem.
402 1223 433 1242 ac
460 1216 532 1242 velut
559 1216 656 1242 belluni
683 1216 822 1247 inferrem,

44 1262 114 1294 qnod
130 1269 158 1287 se
175 1269 227 1287 nou
247 1262 400 1295 respiceret.
418 1266 444 1287 et
461 1262 580 1288 animum
599 1262 747 1288 litterarum
768 1268 826 1288 s:u-

45 1305 97 1330 diis
114 1305 184 1331 velut
202 1313 293 1331 arrum
311 1314 416 1339 senipet-
430 1306 561 1332 intensum
574 1314 707 1339 nunqnam
724 1307 826 1333 relaxa-

44 1356 93 1376 ret.
108 1349 165 1376 Non
180 1351 250 1376 enini
265 1352 298 1377 ob
314 1351 384 1377 aliud
410 1351 540 1377 internos
553 1352 675 1377 obortum
688 1357 727 1378 est
744 1353 824 1378 dissi—

43 1398 127 1428 ‹lium,
143 1403 169 1423 et
185 1398 254 1431 quod
270 1398 351 1424 nimia
369 1398 455 1424 inedia
482 1404 508 1425 et
524 1400 826 1432 crebrioribusjejuniis

44 1443 162 1474 (nullum
194 1444 276 1473 enim,
293 1450 389 1477 pi·;eter
409 1444 458 1470 alia
475 1438 647 1476 ‘spontanea,
665 1454 695 1471 ex
711 1446 752 1472 liis
768 1455 826 1479 que

45 1488 139 1514 indixit
163 1487 292 1518 Ecclesia.
313 1490 524 1523 intermittebat)
547 1491 685 1517 tabescens
711 1500 820 1525 eorpus,

45 1539 124 1560 tenue
150 1542 181 1560 :ie
206 1535 388 1567 macilentum,
411 1542 492 1569 atque
517 1536 633 1571 σκελετῷ
658 1545 723 1570 pcnc
738 1538 825 1564 simile

43 1580 198 1605 eontieeret.
219 1578 245 1606 Ιιι
264 1587 324 1606 vase
348 1581 419 1606 enim
449 1580 520 1606 lictili
537 1587 563 1607 et
578 1581 721 1607 admodum
738 1582 825 1615 fragili

47 1631 159 1658 magnus
173 1630 229 1650 erat
249 1625 382 1658 repositus
401 1626 550 1655 thesaurus,
570 1631 681 1660 eratque
695 1627 752 1660 ejus
768 1630 824 1654 ani-

45 1677 103 1696 mus
119 1670 190 1695 velut
206 1676 337 1704 pretiosus
355 1671 463 1704 lapillus
487 1671 586 1698 annulo
601 1674 684 1698 vitreo
699 1673 824 1704 inclusus.

45 1723 76 1741 ac
87 1716 135 1742 sub
149 1716 249 1742 villosis
263 1716 331 1742 Esau
351 1716 540 1749 integumentis
556 1725 635 1743 verus
653 1718 774 1744 latitabat
785 1719 827 1744 .Ι;ι-

45 1761 108 1787 cob.
124 1760 265 1787 Enimvero
283 1766 311 1786 ut
335 1761 408 1794 pacis
432 1767 489 1787 erat
506 1762 714 1794 amantissimus.
728 1770 752 1789 ct
771 1764 826 1797 ipsa

46 1805 196 1831 litterarum
223 1805 310 1831 studia
330 1806 383 1831 otia
413 1811 439 1832 et
465 1813 600 1832 secessum
621 1813 752 1840 qmeriiiit,
771 1817 827 1834 iiia-

46 1857 162 1884 gnopcre
186 1851 310 1884 eripiebat
330 1851 416 1877 locutu
442 1852 556 1884 aliquem
577 1854 695 1886 quietum
711 1859 736 1880 et
755 1859 827 1879 tran-

50 1894 160 1928 quillum
186 1895 315 1926 nancisci,
331 1896 355 1921 in
373 1904 425 1930 quo
441 1896 628 1923 bibliothecam
647 1902 777 1925 statueret
801 1905 826 1926 et

47 1942 203 1973 instrueret,
220 1946 245 1968 ct
264 1943 460 1970 mansuetiores
475 1951 567 1970 musas
590 1944 701 1972 liberius
723 1946 826 1980 ample-

46 1993 164 2018 xaretur,
179 1988 333 2021 faveretque
350 1989 441 2014 tutius.

83 2031 157 2065 Quod
173 2032 292 2064 plerique
314 2032 492 2065 intelligentes
507 2039 534 2059 et
551 2041 597 2067 spe
613 2039 730 2067 qnmstus
748 2035 826 2069 (nam

48 2078 80 2103 de.
94 2085 182 2103 annuo
200 2085 247 2103 suo
266 2078 350 2103 reditu
368 2078 480 2104 multum
494 2079 536 2105 ille
554 2081 690 2106 remittere
705 2081 826 2114 volebat)

47 2123 134 2149 allecti
151 2123 182 2148 ad
199 2131 259 2149 enm
282 2123 469 2155 adventarunt,
485 2131 510 2150 et
530 2126 624 2151 crebro
644 2134 704 2152 euin
725 2136 756 2152 eo
771 2135 828 2153 sei·-

47 2176 152 2195 monem
169 2169 344 2194 instituerunt.
370 2169 401 2195 de
426 2171 608 2202 permutandis
627 2171 676 2198 illis
705 2173 759 2198 suis
781 2172 826 2198 ab·

46 2212 137 2239 batiis.
162 2213 214 2239 Sed
229 2213 289 2246 quia
313 2213 367 2243 alii,
387 2213 425 2239 vel
442 2215 556 2247 suspecti
579 2220 655 2242 erant
683 2218 826 2248 haereseos.

46 2258 88 2283 vel
103 2266 176 2284 arina
193 2258 394 2292 profitebantur,
412 2259 450 2284 vel
465 2267 516 2285 non
531 2261 657 2287 carebant
673 2263 827 2296 suspicione

48 2304 175 2330 simonia:
199 2304 296 2337 (quam
313 2305 384 2331 velut
401 2306 530 2331 malorum
557 2311 707 2333 nostrorum
725 2308 826 2335 lernam

47 2349 179 2384 imprimis
204 2349 404 2384 detestabatur)
432 2352 524 2378 maluit
546 2360 604 2378 cum
630 2353 748 2386 periculo
775 2362 829 2381 sua:

46 2395 220 2426 valetudinis.
237 2401 264 2421 et
287 2396 436 2422 studiorum
453 2405 562 2423 suorum
586 2398 723 2431 dispendio
738 2400 787 2425 line
803 2406 827 2426 et

48 2440 111 2467 illuc
135 2446 277 2474 perpertuo
301 2440 374 2473 teri-i,
391 2449 470 2476 quam
496 2443 594 2468 nomini
621 2452 669 2468 suo
689 2444 729 2470 vel
747 2445 827 2470 inini-

48 2493 120 2512 mam
143 2486 272 2525 maculam
302 2487 420 2518 inurere,
438 2492 465 2513 et
483 2496 561 2521 quam
578 2489 770 2515 conscientiam
785 2490 828 2522 (in

49 2538 102 2564 qua
121 2539 185 2564 pura
202 2533 332 2558 servanda
352 2538 410 2559 erat
425 2534 666 2567 vigilantissimus)
684 2535 723 2560 rel
742 2536 830 2561 tantil-

50 2576 103 2602 lum
122 2576 228 2604 laedere.
244 2576 312 2609 Quin
327 2583 432 2612 ctsaepe
449 2579 485 2605 illi
500 2579 547 2605 fuit
562 2580 666 2605 animus
679 2580 832 2614 relinquen-

50 2622 90 2648 ‹1ae
104 2621 214 2649 alterius
229 2630 284 2648 sinc
299 2624 424 2654 abbatiae.
440 2625 511 2658 quod
528 2625 551 2651 ci
570 2625 685 2659 bigamia
713 2626 756 2652 illa
779 2633 831 2652 non

50 2668 169 2702 placeret
184 2677 190 2694 ε
207 2669 252 2694 scd
273 2668 297 2694 id
324 2669 464 2696 commode
488 2671 544 2696 tieri
560 2679 610 2696 non
628 2672 713 2703 potuit
732 2673 766 2697 ob
783 2672 832 2697 ad-

51 2719 127 2739 versa
149 2718 267 2746 tempora
285 2718 311 2738 et
330 2712 387 2740 loca
403 2721 460 2748 qua:
482 2715 582 2741 nullum
600 2716 634 2741 ibi
652 2717 774 2743 abbatem
789 2716 828 2742 vel

89 2813 110 2828 δ’
126 2812 145 2839 Η
162 2813 223 2839 Cor.
243 2821 290 2845 xii,
312 2814 349 2844 tu,
368 2814 391 2840 ἵ).
429 2815 450 2829 “-“
471 2815 478 2840 l
497 2815 556 2841 Cor.
578 2823 633 2846 tiit,
656 2816 674 2841 l.

877 896 1024 922 clarissima
1041 901 1108 925 erat.
1127 904 1256 929 nusquam
1271 895 1416 922 ostentavit
1428 895 1508 928 (quod
1525 895 1583 921 vani
1601 903 1664 928 pns-

877 942 926 967 sim
941 941 1037 971 solent,
1057 946 1082 967 et
1094 950 1123 966 ca
1141 942 1344 974 intumescere),
1371 941 1469 967 nullam
1481 948 1569 966 veram
1584 940 1663 965 aliam

877 987 1037 1013 existimans
1054 995 1133 1019 quam
1149 995 1208 1020 qua:
1229 987 1325 1012 virtute
1337 992 1478 1021 pararetur
1491 991 1537 1012 aut
1555 986 1664 1011 fulcire-

879 1038 932 1058 tur.
949 1032 1103 1058 Doetrinam
1120 1033 1223 1065 pariter
1250 1039 1325 1057 suani
1341 1037 1367 1057 et
1383 1031 1557 1065 multiplicem
1575 1038 1664 1057 rernm

877 1087 907 1104 :ic
924 1078 1075 1111 linguarum
1095 1077 1287 1110 cognitionem,
1308 1084 1367 1109 quae
1388 1077 1479 1102 inultis
1498 1076 1596 1102 cristas
1609 1076 1664 1102 erim

878 1130 950 1157 gere.
964 1128 992 1149 et
1020 1122 1191 1156 supercilium
1222 1121 1345 1148 attollere
1363 1122 1512 1152 consuevit,
1528 1129 1664 1154 nunqnam

878 1169 983 1199 extulit,
1013 1169 1076 1202 quin
1106 1174 1165 1193 eam
1193 1167 1326 1201 depressit
1351 1167 1449 1200 potius.
1473 1167 1536 1193 Erat.
1551 1167 1621 1193 enim
1640 1168 1663 1192 ei

878 1216 951 1241 velut
968 1215 1058 1240 innata
1080 1214 1122 1239 illa
1138 1213 1268 1243 ebaritas,
1286 1220 1344 1246 quic
1368 1221 1418 1238 non
1437 1213 1522 1243 inllat,
1539 1213 1585 1238 scd
1603 1214 1666 1238 :edi-

879 1261 941 1286 tieat
956 1261 989 1290 Μ’,
1008 1265 1035 1285 ιιι
1050 1267 1080 1285 ex
1098 1259 1155 1291 ejus
1169 1258 1288 1292 seriptis,
1304 1258 1369 1284 nibil
1387 1263 1460 1284 ecrte
1475 1258 1545 1283 alind
1559 1259 1664 1291 spiran-

879 1306 961 1337 tibus,
977 1305 1058 1338 liquet
1076 1312 1081 1329 z
1100 1305 1168 1330 sient
1185 1309 1210 1329 et
1231 1312 1261 1329 ex
1287 1303 1548 1336 ipsiusquotidianis
1563 1311 1665 1328 serino-

879 1352 956 1377 nibns
981 1356 1007 1377 et
1032 1350 1174 1383 colloquiis
1190 1349 1275 1375 cnivis
1293 1349 1373 1374 etiam
1403 1356 1492 1374 notum
1511 1357 1541 1373 :ic
1562 1349 1666 1382 pei-spi-

878 1404 956 1422 cuum
974 1400 1042 1421 erat.
1065 1396 1091 1421 ln
1108 1395 1204 1428 quibus
1220 1394 1371 1422 familiaris,
1385 1393 1480 1422 comis,
1502 1401 1532 1417 :ie
1549 1393 1662 1420 facetiis,

878 1441 971 1466 creber
999 1440 1154 1469 sententiis.
1173 1445 1199 1466 ct
1216 1439 1316 1471 pietate
1337 1445 1362 1466 ct
1386 1439 1537 1465 eruditione
1560 1447 1666 1473 semp-:1-

880 1486 989 1518 insignis
1007 1486 1064 1511 tuit.

915 1531 951 1557 De
979 1531 1112 1563 republica
1143 1530 1293 1557 Christiana
1321 1534 1346 1555 et
1371 1529 1471 1555 Gallica
1497 1530 1537 1555 vir
1569 1530 1664 1562 pnbl'ei

880 1578 1013 1604 amantior
1028 1584 1107 1610 qnam
1136 1578 1186 1607 sni.
1203 1577 1361 1609 frequenter
1383 1581 1455 1602 etex
1477 1576 1566 1601 animo
1587 1576 1664 1601 verba

881 1623 1004 1653 faciebat.
1031 1623 1106 1656 juxta
1124 1622 1260 1655 vulgatum
1285 1622 1465 1655 proverbium,
1488 1622 1530 1647 ubi
1559 1621 1664 1650 vulnus,

881 1669 915 1694 ibi
931 1676 1025 1694 manus
1041 1675 1048 1693 :
1066 1667 1109 1693 ubi
1139 1668 1225 1700 plaga,
1244 1667 1279 1692 ibi
1304 1667 1405 1699 lingna.
1422 1666 1581 1700 Deplorabat
1594 1667 1664 1692 enim

880 1713 998 1747 quotidie
1021 1712 1201 1738 miserrimum
1227 1712 1283 1745 ejus
1313 1712 1472 1738 bodiernuin
1492 1717 1601 1742 statum.
1619 1720 1665 1737 nee

881 1759 953 1785 aliud
982 1759 1143 1792 sperandum
1162 1758 1278 1787 dicebat,
1299 1765 1376 1791 quam
1394 1758 1502 1783 brevem
1522 1758 1664 1787 qnannlnni

882 1805 966 1839 ipsius
995 1804 1176 1835 eversionem,
1192 1811 1223 1829 ac
1247 1811 1304 1829 cani
1325 1810 1392 1835 pene
1413 1803 1495 1835 (quod
1523 1803 1591 1827 Dens
1609 1807 1662 1834 opt.

882 1858 953 1876 max.
971 1852 1086 1880 avertat)
1103 1857 1162 1882 quat
1187 1848 1236 1874 snb
1265 1847 1431 1873 l’liaetlionte
1447 1848 1554 1877 accidit.
1568 1849 1666 1872 sonti..-

880 1896 1038 1930 grationem.
1067 1894 1151 1920 'l'aiita
1182 1898 1270 1920 autent
1295 1898 1353 1919 erat
1377 1893 1536 1926 prudentia,
1560 1897 1666 1926 tamque

881 1942 934 1968 acri
950 1946 975 1968 et
997 1940 1143 1974 perspicaci
1161 1939 1268 1972 ingenio
1282 1944 1308 1965 ct
1319 1939 1431 1973 judicio,
1444 1943 1471 1964 ut
1486 1946 1516 1964 ex
1531 1944 1666 1972 antegres-

881 1987 918 2013 sis
933 1986 1020 2012 sutura
1040 1986 1120 2011 ctiam
1136 1986 1311 2018 conjectaret,
1329 1993 1359 2011 ac
1377 1992 1446 2017 saepe
1462 1984 1605 2013 divinaret,
1620 1994 1666 2008 ea-

882 2040 933 2066 que
952 2032 1066 2057 velutex
1093 2031 1145 2056 alta
1170 2031 1285 2063 quadam
1317 2031 1423 2064 specula
1449 2030 1615 2063 praevideret.
1634 2029 1666 2054 [ι

883 2078 1032 2103 litterarum
1044 2097 1051 2106 ,
1068 2082 1103 2103 ita
1125 2081 1151 2103 et
1165 2077 1345 2102 litteratorum
1371 2081 1429 2102 erat
1442 2077 1642 2102 amanus->imm
1659 2085 1664 2106 ·,

882 2124 927 2150 sed
940 2130 1032 2148 corum
1049 2123 1197 2156 praxsertim
1221 2123 1264 2156 qui
1285 2122 1476 2155 rempublicam
1496 2123 1664 2154 litterariam¹

882 2173 908 2194 et.
926 2169 970 2194 Dei
984 2168 1129 2194 Ecclesiam
1144 2168 1277 2200 juvarent⁴
1296 2167 1360 2193 Nam
1383 2175 1487 2198 eorum,
1505 2168 1547 2200 qni
1562 2168 1584 2193 ei
1599 2168 1664 2193 inte·

882 2214 915 2240 sti
939 2218 1028 2244 erant,
1045 2212 1210 2239 consortium
1229 2213 1372 2246 diligenter
1391 2213 1504 2243 vitabat,
1526 2217 1552 2238 ct
1573 2213 1606 2238 :ib
1623 2222 1666 2238 eo-

883 2268 940 2287 rum
954 2259 1028 2285 libris
1048 2259 1210 2285 abstinebat.
1223 2259 1323 2285 Oderat
1339 2259 1380 2284 vir
1395 2259 1562 2285 castissimus
1575 2264 1666 2293 poetas

883 2310 910 2332 et.
922 2305 1066 2338 scriptores
1084 2311 1194 2338 spurcos
1212 2309 1239 2331 et
1249 2305 1391 2336 Obscenos,
1403 2312 1502 2338 eosque
1516 2312 1608 2330 omnes
1621 2306 1665 2338 qui

884 2353 929 2379 Dei
946 2352 1051 2378 talentis
1066 2352 1248 2382 abuterentur.
1264 2358 1289 2379 et
1305 2360 1334 2378 ea
1354 2352 1538 2385 impenderent
1553 2352 1577 2378 in
1595 2353 1665 2379 cele-

890 2398 998 2424 brandis
1022 2398 1108 2430 potius
1128 2397 1223 2423 ttncetii
1249 2402 1276 2423 et
1302 2397 1429 2428 Veneris,
1448 2397 1488 2423 vel
1514 2398 1593 2423 etiam
1622 2398 1665 2423 im-

886 2445 1043 2470 meritorum
1061 2444 1197 2469 bominum
1217 2443 1350 2474 laudibus,
1374 2451 1454 2476 quam
1467 2443 1576 2469 Christi.

920 2489 1076 2516 Lectissima
1095 2497 1153 2522 ejus
1174 2490 1269 2514 doinus
1295 2492 1366 2515 velut
1392 2494 1512 2515 sanctuni
1530 2488 1664 2522 quoddam

882 2535 1030 2563 coenobinm
1046 2538 1073 2559 et
1091 2534 1296 2564 xenodochium.
1313 2533 1457 2566 schol-ique
1471 2533 1580 2558 virtutis
1594 2539 1662 2563 erat,

881 2580 951 2613 quod
974 2587 1006 2606 ex
1034 2579 1102 2605 bene
1122 2579 1232 2605 moratis
1248 2583 1274 2604 et
1291 2579 1410 2612 pacitieis
1434 2579 1492 2611 ejus
1513 2578 1664 2605 domesticis

883 2624 1077 2657 innotescebat,
1097 2625 1164 2651 adeo
1181 2629 1209 2650 ut
1225 2632 1257 2651 cx
1281 2625 1344 2658 ipsis
1363 2629 1554 2658 :ignosceretur
1567 2625 1664 2657 patris-

887 2670 1001 2697 familias
1018 2670 1156 2704 prudentia
1171 2680 1177 2696 :
1193 2670 1279 2705 qualis
1292 2670 1416 2696 videlicet
1432 2674 1520 2695 rector
1535 2669 1662 2701 civitatis,

884 2716 949 2744 tales
965 2716 1115 2743 habitantes
1130 2716 1154 2743 iii
1173 2724 1212 2743 ea.
1230 2716 1298 2743 viris
1313 2716 1372 2750 piis,
1390 2715 1472 2743 doctis
1491 2720 1515 2742 ct
1532 2715 1663 2750 religiosis
