1838 3046
175 97 208 123 59
666 96 852 123 PttAEFATtO
873 96 1079 123 GENERALIS.
1102 111 1136 116 —
1156 96 1242 123 PARS
1262 96 1292 123 tl.
1757 99 1791 126 60

171 156 257 193 quod
276 167 288 182 «
306 155 336 184 iu
358 154 507 184 maximis
526 154 789 194 gravissimisque
809 155 970 193 periculis,
990 165 1004 180 »
1023 162 1093 184 cum
1113 153 1252 184 Athenas
1269 154 1347 184 mari
1365 156 1496 193 peteret,
1515 165 1528 182 «
1544 155 1608 186 Deo
1623 160 1760 185 voverat.
1775 167 1788 183 n

169 207 263 238 Nulla
278 208 342 245 jam
363 208 402 236 de
423 215 460 236 eo
477 206 677 236 deliberatio.

209 259 292 295 Quid
311 259 410 297 igitur
426 259 503 289 illud
524 261 601 292 erat,
615 257 653 287 de
670 266 734 294 quo
751 257 924 295 Gregorius
940 257 1026 286 intus
1043 257 1166 287 amicos
1180 256 1264 295 (a)ad
1283 256 1453 287 consilium
1466 258 1575 287 vocat?

525 321 618 347 ’Ἰῗνδον
637 320 738 351 καθίζω
752 321 804 346 τῶν
816 319 897 353 φίλων
914 320 1054 354 κριτήριον
1070 340 1077 350 ,

527 356 615 390 Ἐμῶν
633 356 780 390 λογιςμῶν,
796 355 913 389 γνησίων
929 355 1111 389 ‘lupanas-„thv-

521 414 596 440 lntus
611 414 711 439 amicos
730 412 754 438 in
774 412 914 439 consilium
930 419 1006 444 voco,

523 449 596 475 Meas
613 448 799 482 cogitationes,
817 455 875 481 quae
892 447 1004 473 sincerae
1018 451 1080 474 sunt
1097 447 1257 475 hortatores.

169 517 293 547 Scilicet
311 519 483 556 Gregorius
501 529 513 543 «
533 516 571 554 (b)
588 517 671 547 iuter
688 524 721 545 ea
741 524 811 554 qum
827 515 1045 554 praestantiora
1067 519 1154 552 sunt,
1172 516 1201 545 id
1218 515 1303 554 quod
1323 516 1523 554 proestantius
1541 519 1587 546 est
1607 517 1786 555 quaerebat3

169 575 239 597 nam
259 577 329 606 qtlae
346 569 448 598 earnis
466 569 588 598 suntin
608 567 799 606 profundum
819 568 955 606 abjicere
975 568 1095 598 dudum
1115 572 1266 598 statutum
1284 571 1360 604 erat,
1385 574 1524 608 tuncque
1552 569 1693 607 placebat
1721 579 1785 599 ma-

167 619 226 656 gis
242 620 462 650 Consideranti
484 624 589 650 autem
604 620 671 649 vias
688 629 759 658 quae
772 620 809 650 ad
827 620 927 650 Deum
949 620 1080 655 ducunt,
1101 628 1245 659 quaenam
1265 619 1378 649 melior
1394 622 1488 654 esset,
1509 618 1649 648 invenire
1667 627 1727 648 non
1743 619 1786 648 sa-

170 669 230 698 cile
253 673 330 699 erat.
352 671 446 700 Aliud
462 671 560 707 enim,
579 671 713 702 aliorum
735 671 839 702 habita
856 672 989 708 ratione,
1021 671 1140 701 bonum
1163 674 1216 700 aut
1235 671 1351 700 malum
1372 670 1547 705 videbatur,
1574 673 1606 699 ut
1631 679 1712 707 saepe
1743 672 1784 704 [tt.

167 719 218 747 ubi
237 719 313 756 quid
331 720 488 757 agendum
507 725 565 751 est.
587 722 725 758 Longam
743 721 840 751 veluti
859 722 1032 759 quamdam
1051 721 1342 760 peregrinationem
1366 719 1584 749 meditabatur.
1611 719 1787 757 Navigatio-

165 777 236 797 uem
254 769 384 807 quidem
404 770 573 808 effugerat,
588 773 617 799 et
637 769 731 798 maris
748 769 884 805 labores,
904 769 957 800 sed
975 770 1187 807 investigabat
1200 777 1345 808 quamam
1361 768 1536 806 expeditior
1553 773 1632 798 esset
1647 769 1706 798 via.
1723 769 1787 798 Ma-

163 818 355 856 gnisaciebat
374 820 472 850 Ellam
493 819 678 854 Thesbiten,
696 819 889 856 Carmelum,
908 821 1068 850 desertum
1092 821 1223 850 Joannis
1249 819 1463 858 praecursoris,
1484 819 1618 848 liliorum
1645 820 1786 849 Jonailab

163 868 262 897 vitam
281 869 352 898 sine
366 874 515 907 apparatu
534 880 669 901 :verum
684 881 794 902 rursus
812 881 882 902 eum
905 873 1028 903 tenebat
1046 882 1206 903 sacrorum
1226 873 1390 903 Librorum
1409 880 1508 907 amor,
1526 881 1576 902 res
1591 881 1660 902 eum
1677 872 1785 901 deser-

163 922 193 946 ¹0
223 921 254 947 et
277 918 384 956 ‘illis-¹¹0
410 928 471 950 ¹¹00
491 923 714 956 QuadranS.1n
733 927 901 962 utramque
920 927 1037 962 partem
1057 933 1137 963 saepe
1156 924 1293 959 delatus,
1319 923 1443 954 tandem
1460 922 1541 951 inter
1556 930 1610 951 sua
1631 922 1785 951 desideria

161 969 207 999 sic
228 969 315 999 litem
336 970 474 1006 diremit,
496 973 678 1012 mentisque
698 974 901 1012 agitationem
919 975 1061 1005 cohibuit
1080 984 1087 1003 :
1103 975 1211 1005 videns
1229 975 1312 1005 enim
1331 983 1399 1009 θος,
1415 981 1495 1012 quos
1511 975 1638 1002 actuosa
1653 971 1788 1002 delecta-

161 1019 213 1049 bat
235 1020 308 1057 vita,
326 1021 397 1051 aliis
414 1023 541 1060 quidem
561 1023 668 1059 utiles,
691 1025 750 1056 sibi
768 1029 872 1056 autem
892 1026 1023 1055 inutiles
1043 1034 1077 1056 ac
1097 1026 1186 1055 malis
1203 1024 1330 1064 agiteri;
1347 1032 1401 1054 eos
1418 1025 1521 1052 autem
1538 1021 1590 1060 qui
1609 1021 1675 1051 vale
1689 1029 1788 1051 sset-u·

161 1069 190 1097 lo
211 1069 373 1106 dixerunt,
394 1072 572 1103 stabiliores
596 1075 725 1113 quidem
755 1084 838 1112 esse,
865 1085 900 1106 ac
924 1076 956 1106 in
978 1077 1080 1106 Deum
1108 1076 1225 1114 placida
1247 1078 1351 1106 mente
1376 1073 1544 1112 respicere,
1564 1074 1593 1102 at
1622 1072 1681 1102 sibi
1711 1071 1786 1101 solis

161 1119 326 1155 prodesse,
354 1126 487 1159 angusta
514 1123 677 1161 charitate,
698 1125 859 1164 vitamque
887 1126 1048 1155 insolitam
1083 1129 1112 1155 et
1141 1134 1280 1164 asperam
1311 1125 1474 1155 traducere
1505 1132 1512 1151 ε
1541 1121 1674 1152 mediam
1705 1122 1788 1152 inter

161 1171 320 1206 utrosque
337 1169 419 1199 viam
440 1170 523 1206 iniit,
541 1173 683 1203 meditari
702 1178 737 1218 ut
753 1173 798 1209 hi,
819 1175 970 1212 prodesse
988 1178 1021 1204 ut
1037 1174 1081 1203 illi
1100 1177 1255 1204 statuens.
1277 1174 1388 1202 »Hinc
1404 1174 1555 1212 Gregorio
1584 1173 1785 1204 eremitarum

161 1222 259 1258 atque
278 1221 370 1251 etiam
390 1223 650 1255 anachoretarum
674 1226 801 1256 vivendi
820 1235 920 1264 genus
935 1226 1103 1262 arridebat,
1128 1226 1202 1256 hinc
1222 1225 1459 1256 eoenohitarum.
1476 1225 1534 1256 Sed
1560 1226 1590 1255 in
1608 1225 1683 1261 illis,
1701 1226 1786 1264 quod

161 1271 223 1300 sibi
240 1272 318 1302 solis
334 1273 426 1304 utiles
444 1278 563 1310 essent,
580 1275 664 1305 iniis
682 1284 756 1305 vero
773 1276 857 1315 quod
875 1276 947 1306 aliis
963 1276 1093 1315 quidem
1110 1276 1215 1312 utiles,
1232 1275 1292 1305 sibi
1311 1283 1383 1305 vero
1397 1280 1502 1305 essent
1522 1275 1663 1312 inutiles,
1679 1275 1789 1313 displi-

161 1321 263 1352 cebat.
281 1323 391 1362 Itaque
411 1325 545 1354 mediam
564 1317 636 1355 i'niit
667 1326 747 1356 viam
769 1326 851 1356 iuter
868 1326 1013 1356 eremitas
1035 1329 1064 1355 et
1083 1325 1234 1363 migades,
1259 1324 1289 1354 id
1312 1327 1359 1354 est
1376 1324 1458 1355 inter
1472 1325 1619 1356 eremitas
1642 1329 1671 1355 et
1685 1334 1788 1356 coeno-

162 1370 256 1406 bitas,
286 1371 413 1402 illorum
433 1373 470 1403 ad
490 1374 629 1405 coelestia
649 1376 904 1413 conversionem,
931 1379 961 1406 et
986 1375 1119 1405 istorum
1140 1375 1325 1405 charitatem
1350 1374 1505 1411 retinens,
1527 1379 1561 1406 ut
1582 1376 1642 1405 sibi
1670 1379 1698 1405 et
1719 1375 1787 1406 aliis

161 1422 264 1458 utilis,
283 1423 418 1453 maxime
438 1426 634 1462 parentibus,
652 1433 748 1457 esset.

208 1472 248 1500 Ea
273 1472 373 1509 igitur
390 1472 451 1502 suit
472 1474 662 1505 deliberatio
678 1477 836 1514 Gregorii,
855 1480 956 1507 utram
976 1486 1012 1506 ex
1029 1477 1155 1507 duobus
1178 1476 1406 1507 monachorum
1438 1476 1623 1513 generibus,
1640 1477 1788 1506 eremita-

163 1529 275 1551 rumne
292 1530 329 1550 an
347 1522 575 1552 eoenobitarum
595 1525 689 1554 vitam
708 1529 908 1564 settpieretur.
924 1527 966 1555 Ac
979 1526 1075 1555 veluti
1090 1526 1144 1563 qui
1158 1525 1188 1554 in
1206 1525 1314 1563 aliquo
1331 1525 1472 1562 periculo
1484 1528 1568 1565 gravi
1586 1528 1788 1558 constitutus*

168 1581 204 1602 se
223 1573 319 1602 vitam
340 1573 521 1611 religiosam
543 1574 762 1612 professurum
788 1578 853 1607 Deo
886 1577 1059 1615 pollicitus,
1087 1576 1180 1606 etiam
1199 1580 1272 1606 voto
1297 1585 1330 1606 se
1349 1576 1592 1615 obstrinxisset3
1610 1579 1725 1609 deinde
1736 1588 1788 1609 se-

164 1634 235 1655 cum
255 1630 430 1664 reputans,
458 1628 621 1665 quomodo
648 1631 840 1667 promissum
860 1630 962 1665 saciat,
982 1629 1065 1660 varia
1093 1629 1188 1667 hujus
1219 1629 1370 1668 temporis
1400 1629 1539 1659 virorum
1567 1629 1788 1667 religiosorum

166 1676 313 1706 lnSlllUlfl
332 1681 362 1707 01
379 1677 478 1715 leges,
495 1678 734 1718 Trappistarum
760 1683 893 1717 seilicet,
925 1681 1187 1717 Mendicantium,
1204 1684 1278 1717 etc.,
1295 1680 1481 1719 perpendit3
1513 1681 1654 1716 demum,
1683 1680 1790 1710 habito

164 1735 271 1757 secum
292 1727 440 1764 consilio,
461 1727 556 1758 vitam
576 1733 789 1771 trappisticam
807 1737 839 1763 ut
857 1733 1051 1771 asperiorem
1071 1732 1201 1770 refugit,
1224 1733 1295 1762 Men
1306 1732 1477 1761 dicentium
1499 1734 1603 1761 autem
1632 1734 1665 1761 ut
1693 1729 1789 1761 nimis

164 1785 328 1809 actuosam
346 1782 375 1809 et
400 1779 460 1808 sibi
479 1780 585 1809 minus
603 1782 711 1811 utilem
736 1782 869 1820 respuit,
892 1783 954 1811 Deo
972 1782 1107 1811 militare
1124 1781 1183 1811 sub
1202 1781 1309 1818 regula
1329 1782 1426 1811 sancti
1455 1780 1616 1811 Benedicti
1645 1785 1787 1811 mavult:

165 1829 239 1859 isne
258 1830 434 1860 monachus
454 1830 625 1868 dicendus,
646 1836 673 1862 et
694 1834 786 1863 vitam
804 1834 1009 1864 monasticam
1028 1833 1194 1871 amplexus
1212 1833 1311 1862 videri
1335 1833 1465 1871 posset?
1494 1832 1597 1862 Credo
1626 1831 1789 1870 equidem.

164 1882 261 1920 Atqui
285 1882 345 1912 hoc
362 1883 466 1921 ipsum
487 1883 638 1920 estquod
667 1883 812 1921 prfflstitit
833 1883 1019 1920 Gregorius,
1054 1891 1125 1912 cum
1157 1882 1262 1912 habita
1285 1890 1394 1912 secum
1424 1881 1652 1912 deliberatione
1684 1886 1788 1911 utrum

166 1933 294 1963 vivendi
317 1943 431 1971 genus,
449 1944 486 1964 an
517 1934 736 1969 eremitarum,
756 1944 793 1964 an
823 1935 980 1972 migauum
1008 1938 1207 1973 sequeretur,
1231 1942 1328 1964 uuum
1354 1943 1391 1965 ex
1413 1937 1549 1973 utroque
1582 1937 1789 1972 temperatum

166 1984 338 2021 amplexus
359 1990 405 2014 est
424 1993 494 2014 cum
518 1984 658 2020 Basili03
683 1985 737 2023 qui
757 1985 850 2014 vitam
870 1984 1041 2014 solitariam
1060 1987 1089 2014 et
1114 1983 1333 2015 coenobiticam
1357 1982 1505 2021 praeclare
1531 1982 1614 2012 inter
1631 1991 1663 2012 se
1682 1990 1790 2012 recon-

167 2032 327 2062 ciliaverat
348 2038 378 2063 et
396 2035 637 2072 permiscuerat,
658 2035 828 2065 exstructis
860 2034 1062 2064 monasteriis
1081 2043 1152 2073 quae
1175 2034 1292 2064 sociata
1317 2033 1387 2063 vitm
1412 2034 1585 2072 utrIusque
1613 2034 1789 2072 commoda,

167 2082 250 2111 nulla
278 2086 380 2112 autem
400 2084 551 2122 permista
572 2084 731 2114 habebant
753 2085 964 2114 incommoda.

207 2133 273 2162 Hoc
291 2134 314 2162 si
342 2142 406 2163 uon
423 2135 529 2164 statim
549 2139 644 2174 atque
672 2140 824 2175 optasset,
845 2140 929 2166 certe
959 2145 1054 2175 quam
1080 2135 1218 2174 primum
1237 2135 1342 2171 licuit,
1360 2134 1432 2164 vitae
1456 2142 1555 2172 genus
1583 2137 1713 2164 secutus
1742 2142 1790 2163 es·

169 2182 365 2229 Gregorius;
391 2189 421 2213 et
439 2186 572 2214 secessit
601 2186 638 2215 ad
670 2187 837 2222 Basiliam,
872 2196 1000 2225 unaque
1032 2195 1103 2217 cum
1136 2194 1174 2215 eo
1205 2185 1365 2215 Ponticam
1393 2183 1598 2214 solitudinem
1627 2184 1789 2215 incoluit:

169 2242 184 2259 «
204 2234 365 2270 Degebant
393 2238 495 2264 tamen
516 2236 669 2274 singuli‚›=
689 2237 792 2275 iuquit
809 2237 975 2266 Annalium
993 2236 1266 2266 ecclesiasticorum
1282 2244 1393 2274 parens
1405 2235 1564 2265 exssussno
1580 2234 1652 2273 (c),«
1676 2235 1705 2263 in
1724 2235 1790 2263 sin-

168 2285 251 2321 gulis
273 2285 398 2329 celtu-lis
418 2287 585 2324 separatis,
600 2286 642 2315 ita
659 2290 763 2315 tamen
796 2286 876 2315 iuter
895 2295 928 2315 se
959 2286 1128 2319 distantes,
1146 2289 1180 2315 ut
1209 2293 1272 2314 nou
1308 2285 1506 2315 incommoda
1530 2284 1645 2322 smpius
1676 2293 1792 2314 conve-

170 2334 277 2363 niendi
296 2335 424 2365 daretur
439 2335 584 2365 facultas.
608 2336 641 2364 ld
664 2336 780 2365 etenim
802 2344 838 2365 ex
862 2336 1004 2373 Gregorii
1036 2335 1168 2374 epistola
1193 2335 1247 2372 (cl),
1275 2343 1368 2372 quam
1400 2340 1475 2364 tunc
1502 2334 1532 2363 in
1561 2341 1667 2363 eremo
1695 2342 1789 2372 agens

166 2384 204 2428 asi.
227 2383 510 2422 Amphilochium,
540 2386 571 2415 in
606 2385 713 2415 eadem
743 2385 919 2415 solitudine
952 2384 1254 2424 philosophantem,
1286 2385 1426 2423 scripsit,
1458 2384 1547 2414 facile
1570 2387 1671 2422 potest
1698 2384 1790 2414 intel-

173 2434 240 2471 lugi.

209 2485 347 2520 «Qualis
366 2490 472 2516 autem
490 2485 586 2515 suerit
604 2485 672 2523 ejus
692 2484 843 2514 hahitatio
875 2488 905 2515 et
929 2486 1041 2520 victus,
1067 2485 1165 2523 pergit
1191 2486 1355 2520 Bai-onius,
1389 2493 1425 2514 ex
1451 2485 1499 2515 his
1526 2487 1616 2515 etiam
1643 2485 1788 2524 assequi-

172 2544 252 2570 mur,
274 2544 343 2573 qum
361 2536 442 2565 idem
469 2536 505 2565 ad
525 2534 687 2569 Basiliuui,
704 2538 869 2572 postquam
889 2536 960 2564 iude
988 2539 1170 2570 recesserat,
1201 2535 1313 2564 ludens
1330 2534 1438 2564 scribit
1457 2535 1506 2564 his
1526 2536 1628 2565 verbis
1647 2546 1654 2565 :
1673 2547 1686 2563 κ
1705 2538 1789 2572 Quo-

171 2596 183 2609 ‹=
205 2576 289 2613 uiam
309 2594 378 2622 quse
392 2582 585 2623 jocando‘ad
603 2590 630 2614 tc
647 2585 847 2622 scripsimus,
865 2595 956 2624 anuo
975 2586 1080 2616 auimo
1105 2586 1178 2623 fers,
1200 2595 1233 2615 ea
1255 2595 1381 2625 quoque
1399 2595 1468 2624 qum
1484 2587 1634 2625 deinceps
1649 2596 1789 2626 sequun-

171 2647 184 2661 «
206 2640 253 2665 tur
269 2637 467 2675 aljhziemus,
489 2646 525 2666 ex
546 2637 683 2667 Homero
710 2641 813 2667 autem
835 2639 960 2668 initium
994 2639 1127 2669 ducetur
1151 2649 1158 2667 :
1183 2639 1273 2669 Nunc
1302 2647 1370 2677 age,
1391 2636 1596 2677 progrediens
1628 2636 1788 2667 internum

207 2727 243 2757 (a)
261 2727 337 2759 llu'ul..
352 2737 377 2755 v.
392 2730 453 2764 ⁶278,
468 2730 529 2757 279.
1010 2739 1036 2766 p.
1051 2731 1110 2757 887.

208 2762 244 2793 th)
265 2763 330 2790 lbiil.
1046 2768 1083 2800 td)
1103 2766 1148 2800 tcp.
1163 2766 1196 2792 al.
1213 2766 1255 2793 12.

205 2799 339 2831 (vap-11¹.
369 2801 444 2829 nat..
472 2802 485 2827 [l
512 2800 582 2827 atui.
609 2800 633 2826 in
663 2799 719 2827 l'ila
737 2801 864 2835 Cre-(fviii,
890 2810 912 2827 c.
929 2801 953 2832 Γ»,
