1838 3046
135 125 184 153 807
750 123 776 149 S.
794 120 957 150 GREGOtttt
977 121 1149 150 'rttEeLOGt
1703 121 1754 148 868

136 183 289 218 prospicere
322 190 442 216 possum,
464 188 491 209 ιιι
524 190 584 209 cum
610 181 734 216 imaginis
749 181 864 214 dignitus
880 181 956 208 nohis
976 182 1079 209 animos
1096 183 1232 213 extulerit,
1256 181 1342 216 pulvis
1368 182 1473 208 eosdem
1499 182 1630 216 deprimat
1651 184 1756 207 coutra-

137 230 245 263 hatque.
260 229 312 255 Sed
328 229 360 255 de
378 228 418 255 his
438 228 484 263 qui
520 228 590 254 volet
604 227 817 261 philosophetur,
839 233 940 259 nosque
960 227 1039 253 etiam
1056 228 1238 254 commodiore
1255 232 1375 260 tempore
1400 227 1478 253 situul
1494 226 1754 260 philosophabimur.

172 275 238 303 Vlll.
265 275 340 302 Nune
356 282 429 306 vero,
444 275 513 309 quod
529 274 602 300 carni
619 280 694 304 mear,
710 279 828 305 meaeque
842 271 918 297 intir-
934 275 958 303 Α

137 321 224 348 mitati
238 321 264 346 in
279 320 391 347 aliorum
409 319 606 346 calamitatibus
618 316 820 347 condolesceus,
833 315 921 342 dicere

139 364 324 394 institueram.
362 362 514 389 faciendum
543 360 621 386 nohis
650 363 708 390 est,
744 358 856 389 fratres,
893 363 922 384 ut

137 414 281 443 cognatum
297 413 323 434 et
340 414 500 433 conservum
517 412 614 438 corpus
628 411 768 433 cttretnus;
788 404 836 430 etsi
850 404 920 430 enim

138 455 202 481 illud
221 459 248 480 ιιι
266 454 401 480 inimicum
417 451 597 478 accusaverim
622 449 655 475 ob
675 457 720 475 eas
748 457 814 483 quas
846 449 922 476 all'ert

138 500 220 527 animi
244 499 477 534 perturbationes,
509 501 597 522 tamen
617 500 726 529 propter
747 495 922 522 connexionis

138 546 217 578 hujus
229 550 376 573 auctorem,
396 543 468 569 velut
483 542 598 567 amicum
618 541 790 574 complector.
818 542 850 567 lEt
863 542 922 575 qui-

138 591 197 617 dem
222 596 346 615 curemus
369 595 421 613 nou
451 587 538 612 miuus
557 586 670 612 aliorum
686 593 814 620 corpora,
841 594 921 620 ιμιτιιιι

138 644 215 663 suunt
229 636 340 668 quisque
356 640 462 665 corpus.
481 640 527 658 seu
549 633 693 658 commoda
710 632 862 658 valetudine
876 632 920 661 sit,

138 689 183 708 scu
199 681 290 707 eodeni
313 678 406 705 morbo
422 682 606 704 consumatur.
630 677 727 703 Omnes
750 677 817 703 euim
842 685 921 702 ιιιιιιηι

138 728 164 752 iu
176 726 286 752 Domino
296 733 393 754 sumus.
407 725 457 750 sive
473 723 553 754 dives,
565 724 615 748 siue
628 730 738 756 pauper,
751 722 802 748 sive
820 730 920 753 servus,

137 772 189 798 sit-e
205 771 267 797 liber
280 771 313 802 ⁷⁰,
331 770 387 796 sive
405 776 498 800 sanus,
526 768 582 795 sive
604 774 674 801 teger
698 774 825 800 corpore,
841 771 922 800 atque

139 825 219 843 unum
249 816 370 843 omnium
401 820 494 849 caput,
518 822 551 841 ex
574 821 626 847 quo
650 813 752 842 omnia,
787 812 921 839 Christus.

138 861 267 895 Quodque
279 860 397 887 membra
414 860 483 886 iuter
498 867 526 886 se
542 864 615 890 sunt,
638 859 688 884 hoe
705 857 820 891 quisque
835 857 922 888 alteri,

138 912 220 941 atque
233 907 358 933 omnibus
371 913 475 932 omnes.
491 905 529 931 Ac
544 904 656 938 proinde
674 903 784 930 minime
799 903 923 929 commit-

139 953 247 980 tendum
265 956 314 982 est,
332 957 359 978 ut
372 959 427 983 eos,
444 951 488 984 qui
507 951 581 984 prius
608 949 634 976 in
660 956 831 975 communem
847 947 924 974 infir-
940 944 960 970 Β

140 999 259 1025 mitatem
281 997 443 1029 inciderunt,
459 999 663 1023 contemnamus
683 998 709 1020 et
741 994 925 1028 negligamus;

139 1052 188 1071 nec
208 1044 292 1078 tnagis
308 1043 477 1077 gaudendum
504 1040 584 1067 nobis
610 1045 661 1072 est,
688 1039 759 1073 quod
785 1039 925 1066 commoda

139 1089 292 1116 valetudine
309 1089 422 1119 utimur,
454 1095 535 1121 quam
564 1086 718 1120 lugendum,
745 1084 814 1118 quod
829 1084 927 1110 fratres

139 1137 238 1163 misera
252 1140 278 1162 et
291 1134 398 1161 asslieta.
420 1133 489 1166 Quin
505 1132 593 1167 potius
616 1131 651 1157 ita
672 1130 829 1157 existimare
847 1130 927 1156 debe-

1012 273 1051 298 11'.
1067 273 1133 299 Νυνὶ
1159 273 1196 303 δὲ,
1222 273 1235 298 ὅ
1249 282 1292 307 μοι
1314 273 1401 306 λέγειν
1431 273 1444 298 ὁ
1463 272 1539 305 λόγος
1565 272 1688 307 ὥρμησε,
1703 271 1757 298 τῶν

971 318 1044 352 ἐμῶν
1059 317 1248 352 περιαλγοῦντι
1264 317 1382 352 σαρκῶν,
1404 317 1512 351 καὶτῆς
1531 314 1605 351 ἐμῆς
1616 316 1757 347 ἀσθενείας

972 364 999 388 ἐν
1013 363 1159 398 ἀλλοτρίοις
1175 363 1283 395 πάθεσι,
1307 362 1497 398 θεραπευτέον,
1520 362 1638 396 ἀδελφοὶ,
1650 362 1680 387 τὸ
1693 370 1756 395 συγ-

972 408 1050 441 γενὲς
1074 408 1120 434 καὶ
1147 408 1298 442 ὁμόδουλον.
1316 408 1345 433 ΕΞ
1360 408 1414 442 γὰρ
1429 407 1476 432 καὶ
1488 407 1524 437 ὡς
1535 406 1631 441 ἐχθροῦ
1643 407 1758 441 κατηγό-

974 462 1044 488 ρησα
1058 453 1101 478 διὰ
1115 453 1145 479 τὸ
1171 453 1255 484 πάθος
1268 453 1335 487 (62),
1352 453 1419 479 ἀλλὰ
1431 453 1476 478 καὶ
1487 453 1524 483 ὡς
1539 452 1615 486 φίλου
1634 453 1756 487 περιέχο-

975 507 1022 532 μαι
1042 498 1085 524 διὰ
1096 499 1140 524 τὸν
1155 499 1320 534 συνδήσαντα
1332 507 1340 515 ·
1359 500 1404 525 καὶ
1419 498 1599 533 θεραπευτέον
1621 499 1668 532 οὐχ
1679 496 1758 534 ἦττον

972 543 1005 569 τὰ
1019 543 1072 569 τῶν
1086 544 1140 578 (65)
1157 545 1278 579 πλησίον,
1302 545 1318 580 ἢ
1343 545 1456 571 ἕκαστον
1475 544 1528 579 (fist)
1548 544 1577 569 τὸ
1587 544 1691 576 ἑαυτοῦ,
1705 544 1759 569 τῶν

972 596 1001 613 τε
1019 588 1203 621 ὑγιαινόντων,
1219 589 1266 614 καὶ
1291 589 1344 614 τῶν
1369 589 1420 614 ὑπὸ
1440 589 1489 623 τῆς
1512 588 1596 621 αὐτῆς
1611 588 1665 622 (65)
1681 589 1758 614 νόσου

973 632 1183 667 δαπανωμένων.
1200 633 1313 666 Πάντες
1340 634 1394 667 γὰρ
1420 633 1454 660 ἓν
1483 634 1575 666 ἐσμεν
1596 633 1630 658 ἐν
1652 632 1759 666 Κυρίῳ,

972 682 1031 707 εἴτε
1053 682 1209 712 πλούσιος,
1241 681 1301 706 εἴτε
1334 681 1437 713 πένης,
1467 681 1526 707 εἴτε
1556 681 1675 711 δοῦλος,
1700 680 1760 706 εἴτε

972 727 1138 760 ἐλεύθερος,
1164 727 1216 752 εἴτε
1246 726 1382 759 ὑγιαίνων,
1398 727 1451 752 εἴτε
1481 726 1607 761 πονηρῶς
1630 726 1698 759 ἒχων
1713 725 1758 751 τοῦ

975 772 1099 805 σώματος
1111 780 1116 785 ·
1135 772 1182 798 καὶ
1202 772 1249 806 μία
1261 771 1365 806 κεφαλὴ
1388 772 1505 802 πάντων,
1522 771 1550 803 ἐξ
1567 768 1596 797 οὗ
1610 770 1643 796 τὰ
1660 770 1757 800 πάντα,

975 816 1105 851 Χριστός·
1133 818 1179 842 καὶ
1192 817 1259 851 ὅπερ
1290 817 1362 842 ἐστὶν
1388 817 1510 851 ἀλλήλοις
1533 816 1567 842 τὰ
1585 816 1663 850 μέλη,
1682 815 1761 841 τοῦτο

974 862 1087 892 ἕκαστος
1113 862 1230 896 ἑκάστῳ,
1256 862 1302 888 καὶ
1325 863 1408 888 πᾶσιν
1422 861 1555 892 ἅπαντες·
1572 861 1667 887 οὔκουν
1684 869 1760 895 περι-

975 907 1078 939 οπτέον,
1101 907 1160 933 οὐδὲ
1179 907 1328 942 ἀμελητέον
1346 907 1400 933 τῶν
1417 907 1642 941 προεμπεσόντων
1656 908 1696 937 εἰς
1712 907 1760 941 τὴν

976 953 1067 987 κοινὴν
1090 952 1247 978 ἀσθένειαν·
1269 952 1329 978 οὐδὲ
1360 952 1514 986 ἀγαπητέον
1529 952 1638 985 μᾶλλον,
1666 953 1705 978 ὅτι
1731 950 1760 978 εὗ

975 997 1039 1031 ἡμῖν
1054 997 1109 1031 ἔχει
1123 997 1177 1031 (66)
1205 997 1240 1023 τὰ
1255 997 1377 1031 σώματα,
1404 997 1419 1031 ἢ
1436 997 1591 1031 πενθητέον,
1611 997 1650 1023 ὅτι
1664 997 1762 1027 ἀθλίως

974 1042 1030 1071 τοῖς
1045 1041 1182 1074 ἀδελφοῖς·
1201 1041 1246 1067 καὶ
1260 1041 1383 1076 ἡγεῖσθαι
1398 1041 1617 1076 μίανάσφάλειαν
1634 1039 1762 1067 εἶναιτῶν

976 1084 1116 1120 ἡμετέρων
1133 1085 1242 1119 σαρκῶν
1256 1086 1302 1111 καὶ
1311 1085 1414 1119 ψυχῶν,
1430 1085 1478 1119 τὴν
1490 1086 1529 1116 εἰς
1542 1085 1660 1116 ἐκείνους
1669 1084 1762 1119 φιλοιν-

977 1129 1099 1165 θρωττίαν
1109 1139 1115 1145 ·
1135 1130 1278 1165 σκοπῶμεν
1295 1131 1323 1156 δὲ
1335 1131 1429 1162 οὕτως.

141 1191 208 1215 mus,
223 1183 312 1210 earnis
327 1187 352 1209 ct
364 1181 518 1208 animarum
537 1184 690 1205 nostrarum
707 1177 822 1204 salutem
836 1177 861 1203 in
878 1177 929 1204 hoc
951 1184 1003 1204 uno
1014 1178 1128 1212 positam
1145 1185 1214 1209 esse,
1240 1183 1268 1204 ut
1285 1185 1331 1205 eos
1349 1178 1515 1204 humanitate
1549 1185 1580 1204 ac
1611 1178 1764 1205 misericor-

140 1232 183 1258 dia
199 1238 400 1265 prosequamur.
418 1229 461 1256 Sic
474 1232 564 1255 autem
577 1227 791 1254 consideremus.

175 1277 220 1303 lx.
248 1277 299 1303 Alii
328 1276 434 1309 quidem
464 1275 515 1301 hoc
537 1273 594 1300 solo
623 1272 732 1298 nomine
759 1270 926 1298 miserabiles

141 1327 212 1354 suut,
230 1322 299 1356 qnod
314 1321 402 1354 inopia
426 1320 556 1350 laborent,
570 1326 650 1352 quam
666 1316 791 1347 sortasse,
806 1315 849 1342 vel
862 1319 927 1342 tem-

142 1375 200 1403 pus,
218 1368 258 1394 vcl
273 1368 356 1398 labor,
374 1366 413 1392 vet
429 1366 541 1395 aulicus,
556 1364 598 1390 vel
611 1363 786 1397 propinquus,
803 1361 844 1388 vel
861 1365 926 1386 tem-

143 1413 214 1447 poris
242 1412 354 1439 mutatio
378 1410 517 1437 sustulerit
540 1419 545 1435 ε
569 1409 611 1434 his
639 1412 726 1433 autent
757 1405 929 1432 nihilominus

144 1461 199 1486 haee
232 1465 336 1493 quoque
356 1457 444 1491 gravis
472 1460 522 1486 est,
553 1455 608 1481 into
634 1461 665 1480 eo
700 1453 780 1496 etiam
808 1450 927 1486 gravior,

141 1505 211 1539 quod
225 1512 278 1531 una
298 1511 357 1530 cum
371 1510 451 1529 carne
464 1523 471 1534 ‚
488 1507 514 1527 et
530 1500 628 1527 laboris
646 1498 822 1532 suscipiendi,
838 1502 865 1524 et
879 1496 928 1523 sibi

142 1551 174 1577 ad
200 1549 367 1576 necessarios
394 1549 454 1574 vita:
485 1555 548 1573 usus
577 1552 654 1580 opem
685 1544 787 1571 serendi
813 1542 928 1569 facultas

1012 1271 1050 1297 Θ’.
1064 1270 1125 1301 Τοῖς
1141 1269 1189 1304 μὲν
1203 1269 1291 1300 ἄλλοις
1308 1269 1336 1295 ἓν
1354 1268 1433 1303 μόνον
1445 1269 1568 1300 ἐλεεινὸν,
1585 1269 1615 1294 τὸ
1630 1269 1678 1302 τῆς
1699 1269 1765 1295 ἀπο-

982 1317 1060 1351 ρίας·
1084 1316 1097 1341 ὃ
1114 1316 1170 1350 τάχ’
1183 1315 1216 1342 ἂν
1238 1315 1292 1350 (67)
1308 1316 1323 1350 ἢ
1342 1315 1445 1349 χρόνος,
1462 1315 1478 1349 ἢ
1505 1315 1594 1346 πόνος,
1615 1314 1630 1349 ἣ
1649 1315 1732 1348 φίλος,
1747 1314 1763 1349 ἢ

982 1361 1123 1395 συγγενὴς,
1139 1361 1155 1395 ἢ
1174 1359 1268 1395 καιροῦ
1297 1359 1431 1394 μεταὸολὴ
1456 1358 1565 1385 λύσαιεν
1581 1358 1645 1393 (68).
1663 1360 1724 1390 Τοῖς
1737 1360 1764 1385 δὲ

978 1406 1056 1432 τοῦτο
1070 1406 1118 1440 μἐν
1132 1406 1237 1436 οὐδενὸς
1254 1403 1345 1440 ἦττον,
1367 1405 1390 1429 εἰ
1410 1404 1446 1438 μὴ
1462 1404 1508 1430 καὶ
1526 1404 1636 1438 μᾶλλον,
1654 1404 1707 1438 ὅσῳ
1718 1403 1764 1430 τοῦ

979 1453 1068 1478 πονεῖν
1094 1452 1140 1478 καὶ
1158 1451 1264 1486 βοηθεῖν
1279 1451 1384 1481 ἑαυτοῖς
1403 1451 1451 1476 οὐκ
1471 1449 1577 1484 ἔχουσιν
1590 1450 1656 1484 (69),
1682 1451 1720 1481 εἰς
1733 1451 1766 1476 τὰ

978 1498 1111 1530 ἀναγκαῖα
1130 1497 1198 1528 μετὰ
1223 1497 1275 1522 τῶν
1294 1496 1401 1531 σαρκῶν
1419 1495 1580 1530 ἀφῄρηνται,
1604 1496 1651 1522 κα).
1668 1496 1766 1530 μείζων

977 1543 1019 1568 όιε)1
1037 1543 1086 1577 τῆς
1115 1542 1254 1572 ασθενείας
1277 1542 1367 1572 αὐτοῖς
1382 1541 1480 1575 μᾶλλον
1502 1541 1516 1565 ὁ
1543 1541 1633 1574 φόὸος,
1654 1541 1700 1576 ἣή
1718 1541 1767 1574 τῆς

142 1601 233 1629 erepta
250 1595 294 1626 sit,
314 1594 452 1626 magisque
474 1599 581 1625 semper
605 1590 674 1623 apud
695 1590 768 1623 ipsos
786 1587 928 1622 praevaleat
943 1585 965 1615 C
981 1589 1073 1622 ὑγείας
1088 1589 1143 1623 (70)
1157 1589 1233 1618 ἐλπίς
1245 1597 1251 1602 ·
1268 1587 1337 1613 ὥστε
1358 1587 1455 1621 μικρὸν
1470 1586 1534 1620 γοῦν
1547 1595 1572 1612 τι
1592 1586 1646 1620 (71)
1665 1585 1767 1620 βοηθεῖ-

144 1641 227 1667 morbi
242 1645 339 1671 metns,
357 1647 435 1672 qnam
452 1645 512 1672 spes
529 1636 664 1662 sanitatis.
683 1634 720 1660 Ex
734 1641 787 1668 quo
804 1632 929 1664 efficitur,

144 1692 172 1713 ut
196 1694 289 1721 parunt
313 1685 454 1712 admodum
479 1683 570 1709 auxilii
588 1682 640 1708 illis
662 1688 724 1714 spes
750 1680 843 1706 afferat
868 1686 928 1712 quat

144 1733 249 1759 alllietis
280 1737 305 1758 et
328 1730 492 1757 calamitosis
520 1735 601 1755 unum
633 1731 673 1753 est
702 1725 860 1752 remedium.
891 1724 931 1750 Ad

144 1782 327 1813 paupertatem
351 1774 452 1802 accedit
468 1774 588 1805 morbus,
618 1772 734 1798 alterum
762 1770 874 1801 malum,
905 1773 931 1794 et

143 1825 251 1857 quidem
267 1822 476 1852 atrocissimum,
503 1827 534 1846 ae
560 1819 630 1845 votis
651 1816 776 1844 omnibus
803 1822 931 1842 aversan·

144 1870 219 1901 dum,
234 1873 314 1903 atque
329 1866 477 1901 ejusmodi,
503 1870 532 1891 ut
553 1863 634 1899 263
658 1862 728 1897 apud
746 1861 854 1893 multos,
871 1867 930 1886 cunt

145 1915 245 1949 aliquid
269 1913 331 1941 mali
363 1912 480 1947 cuipiam
505 1910 648 1945 imprecari
680 1908 800 1942 cupiunt,
816 1905 881 1932 nihil
899 1905 932 1932 sit

145 1960 338 1995 expromptius.
351 1958 480 1990 Tertium,
491 1957 562 1991 quod
579 1955 700 1989 plerique
713 1962 758 1980 eos
782 1959 831 1979 nec
857 1952 931 1978 adire

146 2013 196 2033 nee
211 2005 307 2032 intueri
319 2004 462 2035 sustinent,
474 2001 522 2029 sed
540 2001 656 2035 fugiunt,
678 2000 802 2030 horrent,
817 2002 844 2024 et
857 2005 932 2024 arer-

146 2056 258 2082 santur3
279 2055 357 2084 atque
375 2050 401 2076 id
415 2049 508 2075 morbo
528 2049 587 2082 ipso
602 2046 655 2073 illis
669 2046 792 2072 acerbius
809 2049 860 2076 est,
872 2051 932 2070 cum

147 2099 181 2125 ob
199 2097 379 2123 calamitatem
396 2102 492 2122 exosos
506 2094 587 2120 etiam
604 2098 631 2119 et
642 2092 742 2119 invisos
755 2098 783 2117 se
795 2097 854 2117 esse
871 2097 931 2116 sen-

148 2144 226 2170 tiunt.
256 2141 385 2176 Equidem
417 2141 473 2173 ipse
499 2147 592 2166 eorum
626 2137 763 2164 miseriam
792 2144 845 2162 nou
876 2135 934 2162 sine

148 2189 275 2223 lacrymis
303 2188 375 2218 sero,
406 2194 437 2213 ac
468 2184 656 2212 recordatione
688 2183 747 2216 ipsa
780 2179 931 2215 perturbor.

150 2234 274 2268 ldemque
292 2232 365 2259 vobis
378 2231 493 2261 accidat,
509 2230 600 2260 velim,
615 2232 642 2254 ut.
655 2227 784 2261 lacrymis
797 2227 931 2260 lacrymas

150 2281 267 2314 fugiatis.
292 2280 344 2307 Nec
360 2287 421 2306 vero
441 2279 542 2309 dubito,
562 2277 626 2311 quin
642 2284 674 2302 ex
694 2275 743 2306 his,
759 2274 804 2308 qui
823 2274 930 2304 adsunt,

184 2340 206 2354 ⁷⁰
223 2339 351 2368 Reium,
368 2337 394 2363 5.

984 1634 1043 1660 σθαι
1061 1635 1135 1668 παρὰ
1149 1634 1197 1668 τῆς
1215 1633 1360 1667 ἐλπίδος,ἣ
1380 1634 1457 1668 μόνον
1474 1632 1528 1667 (7·2)
1549 1633 1603 1663 τοῖς
1624 1631 1767 1666 ἀτυχοῦσίι·

982 1680 1038 1705 ἐστι
1053 1680 1107 1714 (73)
1126 1679 1278 1714 φάρμακον.
1308 1678 1379 1713 Πρὸς
1398 1678 1425 1704 δὲ
1440 1679 1471 1712 τῇ
1493 1677 1583 1711 πενίᾳ,
1600 1677 1674 1710 καὶὴ
1692 1676 1770 1707 νόσος

983 1726 1065 1751 κακὸν
1088 1725 1223 1759 δεύτερον,
1244 1726 1290 1750 καὶ
1316 1724 1407 1750 κακῶν
1434 1723 1464 1749 τὸ
1487 1723 1696 1753 ἀπευκτότατον,
1722 1723 1768 1747 καὶ

983 1770 1143 1805 βαρύτατον,
1175 1771 1222 1796 καὶ
1252 1771 1292 1800 εἰς
1316 1769 1438 1803 κατάραν
1454 1769 1508 1798 τοῖς
1526 1768 1631 1799 πολλοῖς
1661 1776 1768 1802 προχει-

983 1816 1102 1850 ρότατον.
1129 1815 1183 1840 Καὶ
1211 1814 1311 1849 τρίτον,
1337 1814 1366 1839 τὸ
1397 1813 1433 1847 μὴ
1470 1812 1525 1847 (74)
1559 1812 1702 1847 προσιτους
1722 1812 1769 1837 αὐ-

982 1861 1045 1892 τους
1070 1860 1148 1891 εἶναι,
1170 1861 1235 1895 μηδὲ
1261 1859 1372 1890 θεατοῦς
1393 1860 1448 1889 τοῖς
1476 1857 1603 1889 πλείοσιν,
1622 1857 1688 1883 ἀλλὰ
1705 1866 1769 1891 φευ-

983 1906 1073 1936 κτους,
1087 1906 1132 1931 καὶ
1149 1905 1317 1939 {maxumo-bg,
1336 1903 1382 1929 καὶ
1399 1900 1452 1929 οἷον
1464 1903 1678 1938 ἀποτροπαίους·
1693 1902 1707 1927 ὃ
1724 1902 1769 1927 καὶ

983 1952 1031 1986 τῆς
1048 1952 1124 1977 νόσου
1138 1951 1242 1981 τούτοις
1256 1949 1415 1984 βαρύτερον,
1431 1949 1493 1974 ὅταν
1506 1948 1651 1974 αἴσθωνται
1667 1947 1710 1973 διὰ
1720 1947 1769 1982 τὴν

985 1997 1124 2032 συμφορὰν
1152 1997 1197 2022 καὶ
1221 1995 1388 2030 μισούμενοι.
1408 1994 1476 2028 Ἐγὼ
1494 1994 1542 2029 μὲν
1561 1993 1620 2019 οὐδὲ
1638 1993 1770 2028 ἀδακρυτὶ

985 2043 1058 2078 φέρω
1075 2042 1105 2068 τὸ
1118 2042 1219 2068 τούτων
1234 2041 1328 2072 πάθος,
1354 2041 1400 2066 καὶ
1428 2042 1460 2075 τῇ
1480 2041 1573 2075 μνήμῃ
1604 2039 1766 2074 συγχέομαι·

985 2089 1111 2124 πάσχοιτε
1129 2089 1183 2123 (75)
1203 2089 1230 2115 δὲ
1246 2088 1292 2114 καὶ
1305 2088 1383 2122 ὑμεῖς
1402 2087 1509 2119 ταυτὸν,
1533 2087 1575 2112 ἵνα
1589 2088 1643 2117 τοῖς
1655 2086 1768 2120 δάκρυσι

984 2136 1017 2161 τὰ
1041 2136 1144 2169 δάκρυα
1162 2135 1264 2169 φύγητε
1278 2143 1284 2148 ·
1315 2135 1360 2160 καὶ
1376 2133 1510 2167 πάσχουσί
1522 2141 1564 2166 γε,
1577 2131 1624 2158 οἷδ’
1640 2133 1690 2163 ὅτι,
1717 2131 1769 2157 τῶν

985 2181 1124 2216 παρόντων
1155 2181 1210 2206 ὅσοι
1248 2181 1413 2215 φιλόχριστοι
1447 2180 1493 2205 καὶ
1523 2179 1696 2213 φιλόπτωχοι,
1725 2179 1769 2203 καὶ

985 2225 1062 2256 Θεοῦ,
1075 2226 1120 2251 καὶ
1138 2225 1214 2260 παρὰ
1233 2225 1299 2250 Θεοῦ
1315 2224 1370 2258 (76)
1384 2224 1413 2250 τὸ
1427 2224 1509 2250 ἐλεεῖν
1525 2224 1647 2258 ἔχοντες·
1669 2223 1769 2257 μάρτυ-

987 2280 1031 2305 ρες
1045 2271 1071 2297 δὲ
1087 2273 1132 2297 καὶ
1145 2272 1221 2306 ὑμεῖς
1235 2272 1291 2306 (77)
1306 2272 1352 2297 τοῦ
1369 2271 1483 2301 πάθους.

192 2405 247 2439 (62)
263 2406 296 2430 1ζί
313 2404 365 2437 γὰρ
384 2403 430 2428 καὶ
448 2403 486 2434 ὡς
511 2399 617 2434 ἐχθροῦ
631 2400 820 2432 κατηῑνζρησιι
839 2397 887 2423 διὰ
902 2396 934 2422 τὸ
951 2397 972 2422 D
988 2395 1100 2428 aliisque
1117 2393 1235 2420 melioris
1264 2397 1333 2420 notae
1359 2393 1504 2424 codicibus,
1533 2400 1584 2419 non
1615 2393 1698 2425 male3
1730 2393 1771 2420 his

151 2440 254 2472 πάθος,
275 2447 327 2465 etc.
345 2440 365 2463 A
379 2437 497 2471 Gregorii
514 2441 602 2462 mente
615 2440 642 2460 et
656 2440 729 2460 textu
744 2435 846 2458 vnletur
858 2434 931 2457 aber-

152 2483 212 2501 rare
240 2474 342 2503 Billius,
369 2473 413 2506 qui
443 2474 528 2497 locum
553 2471 624 2496 hunc
648 2469 687 2494 sie
713 2468 905 2500 interpretatur
923 2476 928 2492 z

155 2519 164 2533 ι
180 2509 234 2535 Etsi
251 2509 321 2535 enirn
337 2516 379 2533 me
395 2507 476 2532 animi
491 2505 602 2532 affectus
628 2511 658 2530 eo
672 2503 799 2535 abripuit,
823 2507 852 2527 ut
869 2501 932 2527 illud

153 2549 279 2575 tanquam
293 2543 428 2568 inimicum
447 2546 474 2567 et
495 2540 621 2566 infestum
638 2544 804 2568 accusarem,
820 2546 828 2562 ι
845 2541 898 2563 etc.

189 2578 244 2612 (65)
262 2578 302 2603 Tic
317 2577 384 2603 τῶν.
402 2575 428 2601 lu
445 2575 611 2609 quibusdam,
629 2573 663 2598 τὰ
673 2572 730 2597 τοῦ.

188 2614 243 2645 (et)
260 2614 292 2639 Ἡ
305 2613 444 2637 ἕκαστον.
456 2612 501 2637 Or.
514 2610 542 2639 2,
557 2610 620 2642 lteg.
637 2616 662 2638 c,
675 2607 691 2641 ἢ
706 2606 824 2640 ἑκάστῳ.

190 2647 361 2681 (65)Λι“·τῆς.
381 2647 458 2672 Deest
472 2645 497 2671 in
510 2644 557 2670 Or.
569 2644 596 2669 2.

191 2682 245 2716 (66)
268 2682 309 2708 Εὐ
332 2681 402 2715 ἡμῖν
428 2680 498 2714 ἔχει.
532 2678 654 2711 Plerique
678 2676 794 2706 codices,
820 2677 884 2710 ἡμῖν
909 2672 938 2701 εὖ

193 2752 248 2784 (67)
267 2751 330 2784 Tn'y,¹
343 2750 389 2775 ἄν.
403 2749 469 2775 Tres
481 2749 574 2781 Regg.,
590 2747 659 2781 τάχα
673 2746 715 2772 ἄν.

193 2786 247 2816 (68,
265 2787 402 2811 Asanam:
417 2785 464 2810 Or.
477 2785 504 2813 ⁶2,
518 2783 619 2809 λύσειε.

195 2820 249 2855 (69)
265 2821 323 2846 Οίυι
337 2821 383 2852 ἔχ’.
392 2828 467 2845 vvir.
487 2818 546 2845 llaec
571 2819 667 2844 desunt
685 2816 708 2842 in
724 2815 804 2849 chg.
823 2815 875 2847 bin,
893 2815 936 2848 ph,

981 2431 1051 2459 enim
1068 2429 1185 2458 omissis,
1203 2428 1303 2462 planior
1315 2427 1343 2454 stt
1357 2427 1452 2455 oratio.

1019 2465 1062 2497 (70
1095 2464 1215 2497 Ὑγείας.
1232 2463 1326 2489 Plures
1339 2463 1429 2493 codd..
1441 2462 1556 2495 ὑγιείας.

1020 2500 1060 2534 (71
1090 2501 1128 2524 Τι.
1142 2499 1220 2524 Deest
1233 2498 1258 2523 iu
1278 2497 1342 2531 [leg.
1359 2505 1383 2528 a.
1401 2497 1457 2527 bm,
1479 2497 1523 2527 ph.

1006 2533 1251 2604 l(7⁹2)[“H¹u]6r0r·
1268 2532 1332 2566 neg.
1348 2540 1372 2563 c,
1399 2530 1416 2566 ἣ
1442 2531 1519 2566 μόνη.
1553 2531 1580 2558 lu
1607 2531 1668 2558 Par.
1682 2531 1738 2562 ed..
1755 2531 1771 2564 ἦ

1010 2578 1064 2596 ,νον
1090 2576 1130 2594 ma
1144 2576 1157 2593 e
1173 2588 1179 2593 .

987 2580 1004 2605 μ
1022 2604 1075 2636 (75)
1096 2598 1187 2630 Ἐστι.
1204 2602 1318 2628 Deestin
1331 2601 1453 2635 pluribus
1469 2601 1550 2635 Regg.
1566 2606 1593 2628 et
1612 2601 1658 2628 Or.
1673 2601 1701 2627 Ξ.

1024 2634 1078 2673 (τι)
1095 2637 1153 2669 Μή.
1166 2636 1211 2663 Or.
1223 2636 1250 2667 2,
1266 2636 1333 2670 μηδὲ

1025 2674 1080 2709 (75)
1096 2672 1253 2704 ΙΙάσχοιτε.
1275 2671 1340 2704 lteg.
1358 2671 1412 2696 bru.
1430 2670 1524 2702 Mont„
1540 2671 1735 2704 συμπάσχοιτε.

1025 2710 1079 2743 (76)
1091 2707 1145 2733 Καὶ
1159 2705 1241 2736 Θεοῦ,
1257 2705 1305 2731 καὶ
1323 2706 1401 2738 παρὰ
1425 2706 1508 2731 Θεοῦ.
1530 2715 1538 2730 ι
1554 2705 1599 2731 Dei
1613 2713 1674 2739 erga
1690 2713 1728 2737 se,
1746 2708 1772 2730 ct

990 2745 1035 2770 Dei
1048 2750 1109 2776 erga
1127 2741 1204 2779 alios.
1221 2750 1229 2764 ›
1246 2741 1282 2766 lta
1305 2741 1330 2765 in
1348 2742 1416 2766 notis
1430 2741 1546 2774 Sanryg.

1025 2778 1080 2818 (77)
1100 2777 1205 2809 ’Υμεις-
1225 2775 1269 2802 Sic
1283 2775 1350 2808 Reg.
1368 2775 1412 2808 ph,
1427 2775 1512 2806 01·.2,
1529 2780 1579 2802 etc.
1596 2774 1661 2801 Male
1673 2774 1698 2801 iu
1714 2774 1768 2804 ed..

990 2815 1076 2849 ὴμεις.
