1838 3046
15 86 48 114 97
503 81 686 108 I'RAEFATIO
707 80 912 108 eliminatas.
988 81 1075 105 utus
1097 81 1139 104 lll.
1604 82 1639 106 ‘is

16 154 79 186 que
95 143 322 183 comprehendi
341 145 448 181 queat,
464 153 477 168 ι»
495 141 569 171 dum
600 145 660 171 tam
683 143 779 171 multa
796 141 896 170 oculis
917 141 1011 170 etiam
1040 140 1194 177 subjecta,
1221 139 1368 169 inauribus
1389 148 1472 177 §rr-pr:
1494 141 1641 176 contrita,

18 195 149 227 rationis
179 199 306 232 carritum
336 201 487 232 superare
515 193 700 232 quotidiana
732 192 928 231 experientia
951 192 1124 223 diseamus.
1153 195 1183 220 ct
1208 191 1291 221 varia
1309 197 1552 223 natur-warenna
1573 198 1643 231 post

19 250 119 277 tantas
142 245 373 284 inquisitiones
406 245 591 275 abscondita
621 249 650 274 et
679 246 849 274 lectissima
869 247 1084 283 permaneant.
1117 244 1228 273 Nonne
1262 253 1358 282 prope
1388 246 1507 276 inlinita
1537 256 1642 276 rernm

10 301 192 337 ¹creatarum
207 297 449 335 mysteria‚qute
469 296 614 326 mortales
632 296 773 327 unditne
791 297 1007 330 circumstant,
1027 299 1170 329 monent,
1185 305 1223 324 ne
1240 296 1356 325 altiora
1371 307 1401 325 sc·
1417 303 1555 335 ιμιιιϊιιηι
1575 298 1643 331 “””,

20 352 72 378 aut
101 351 145 377 tot
164 346 362 376 mirabilium
379 349 539 375 auctorem
568 347 701 374 serutari
731 349 936 383 prtesutnant,
956 354 1026 374 nen
1044 344 1258 381 rnaqsnttndtne
1284 344 1394 382 ylorioe
1411 347 1511 383 ipsius
1536 348 1646 386 oppri—

19 401 200 429 ,κακίαι-ΝΣ)
217 399 289 428 Rrec
304 402 433 427 sanctus
448 399 558 427 doctor
575 398 695 426 eximie
712 401 742 426 et
762 398 832 426 l'use
850 401 1037 435 prosecutus
1064 400 1109 426 est
1131 396 1184 435 (a),
1205 400 1289 425 totus
1314 396 1344 425 in
1362 405 1417 426 sua
1439 399 1581 428 oratione
1601 400 1647 428 in-

21 449 174 479 cumbens
193 461 206 476 ιι
224 454 256 479 ut
273 450 432 482 ostendat.
456 456 495 478 ne
527 448 626 486 ipsam
645 448 774 486 quidem
793 448 1004 478 secundarum
1032 456 1136 477 rerum
1155 450 1297 477 naturam
1318 448 1457 478 hominis
1475 455 1578 479 mente
1603 456 1647 479 at-

21 509 83 540 que
103 501 230 539 ingenio
249 500 475 539 comprehendi
498 509 604 538 posse,
622 501 739 530 nedum
756 500 888 538 primam
908 500 994 530 illam
1010 509 1043 531 ac
1065 500 1177 534 solam,
1207 508 1318 529 vereor
1334 499 1420 528 enirn
1445 499 1564 535 dicere,
1581 506 1648 528 oni-

22 550 117 580 nibus
137 551 231 581 rebus
249 552 501 582 excelsiorem.»
531 553 581 582 Sic
599 556 627 582 et
651 553 748 582 animi
770 552 872 589 (Ιοιος,
893 553 1008 583 mentis
1027 557 1056 583 et
1072 553 1214 592 corporis
1243 553 1273 582 in
1300 552 1430 582 homine
1449 552 1646 588 societatem,

23 601 235 631 membrorum
253 601 336 630 inter
354 610 387 631 se
407 602 669 636 concinnitatem,
685 602 919 632 elementorum
947 604 1105 636 ordinem.
1124 602 1335 632 animantium
1353 606 1381 631 et
1396 603 1645 640 germinantium

23 653 144 692 species
163 654 344 691 perlustrat,
360 662 414 685 eos
434 655 488 693 qui
510 654 722 693 pitilosopliite
738 654 950 692 principatum
974 655 1034 684 silJi
1055 655 1216 684 vindicant
1244 655 1371 692 egregie
1389 655 1598 693 compellans,
1616 659 1647 684 ut

24 705 72 735 vel
90 706 287 744 singularum
302 706 544 745 proprietatum,
565 715 653 750 *quas
673 706 913 745 elegantissime
945 706 1109 740 describit,
1130 707 1290 736 recondita
1317 707 1472 745 principia
1490 707 1650 745 detegant,

23 760 76 788 aut
93 758 215 788 taudem
241 758 360 788 divinis
377 760 483 794 rebus,
501 758 540 787 ob
559 758 779 796 intelligentia?
797 758 1028 795 difficultatem,
1045 759 1231 790 detrahendi
1249 760 1342 789 tinem
1361 759 1489 789 saciant.

724 811 767 840 De
790 811 958 840 Trt'nilate.

62 863 170 900 Quoad
200 863 277 893 vixit
305 863 492 901 Gregorius,
509 863 715 894 accuratioris
745 863 898 893 doctrinm
932 864 1014 894 eirea
1033 864 1222 894 Trinitatem
1253 864 1439 902 praedicator
1471 864 1653 894 indefessus

25 912 84 943 suit
101 917 130 943 ot
161 913 312 944 defensor
342 914 518 944 acerrimus
547 918 654 944 contra
673 914 809 944 Arianos
839 918 866 944 et
890 914 1161 949 Macedonianos;
1197 914 1236 944 ita
1256 918 1288 943 ut
1305 916 1412 945 omnia
1430 915 1499 953 ejus
1522 916 1653 953 scripta,

26 964 94 994 sive
109 964 281 1000 orationes,
307 965 374 995 sive
391 965 544 1002 epistolae,
564 966 632 995 sive
649 965 800 1001 carmina,
827 966 1015 995 Trinitatem
1036 970 1184 996 resonent
1202 969 1230 996 et
1246 970 1394 1004 sust-epta
1415 974 1470 1003 pro
1486 965 1654 994 Trinitatis

27 1016 214 1046 defensione
245 1020 354 1047 contra
371 1018 536 1056 quoslibet
553 1019 753 1049 adversarios
772 1019 944 1049 certamina
979 1029 986 1047 τ
1016 1019 1101 1048 uude
1133 1019 1201 1057 ejus
1226 1019 1331 1048 minuti
1365 1018 1423 1047 live
1457 1018 1560 1055 ipsum
1580 1017 1656 1048 vitio

30 1066 191 1096 vertebant
205 1070 235 1096 ct
251 1067 457 1105 objiciebant,
485 1073 578 1106 prout
595 1069 770 1098 etiamnum
789 1069 928 1107 objicere
947 1069 1102 1107 Gregorio
1117 1070 1275 1098 clericum
1311 1073 1341 1098 et
1358 1068 1496 1097 Tullium
1519 1076 1580 1097 nou
1601 1077 1655 1106 pu-

27 1116 106 1152 (Ῐυῑί,
136 1117 220 1155 quod
241 1129 254 1144 (ι
269 1118 395 1148 assidue
426 1128 515 1150 suam
533 1121 719 1150 Trinitatem
744 1122 928 1159 praulicaret
947 1127 976 1150 ct
1000 1121 1151 1150 omuibus
1171 1126 1292 1150 tantum
1313 1130 1376 1150 uon
1396 1119 1482 1149 lioris
1502 1128 1656 1150 memora-

29 1170 73 1196 ret
87 1177 101 1192 υ
134 1167 217 1197 obita
234 1176 290 1205 pro
305 1169 461 1200 Trinitale
474 1171 659 1205 certamina.
677 1174 706 1200 et
737 1171 915 1200 exantlatos
934 1171 1072 1201 labores.
1094 1171 1123 1200 Si
1141 1180 1341 1210 quwcunque
1367 1172 1402 1201 ail
1432 1161 1656 1209 ‹·x²1›·.›11011aaxn

29 1221 58 1246 ct
74 1216 306 1264 defendendam
324 1219 474 1252 Ecclesia}
487 1223 647 1253 catholic-ze
662 1224 753 1253 lidem
772 1223 852 1254 circa
870 1223 1039 1253 Trinitatis
1058 1223 1242 1261 mysterium
1259 1224 1386 1262 scripsit
1403 1224 1590 1261 Gregorius,
1609 1224 1656 1252 liic

29 1269 154 1299 aniiuus
171 1274 254 1300 esset
285 1272 416 1310 referre,
448 1275 584 1306 maxima
617 1278 686 1313 cnjus
705 1276 896 1314 scriptorum
929 1284 1002 1315 pars
1032 1276 1240 1305 exscribenda
1273 1280 1370 1311 esset,
1393 1275 1565 1311 nequidem
1596 1275 1658 1303 ullo

30 1323 243 1359 prsetermisso
262 1334 268 1352 :
287 1333 395 1354 verum
413 1326 559 1362 pauciora
577 1334 747 1363 excerpere
769 1329 798 1355 et
816 1325 992 1363 insigniora
1011 1329 1058 1355 sat
1072 1325 1143 1355 erit.
1162 1326 1272 1363 ltaque
1287 1324 1453 1354 Trinitatis
1472 1331 1658 1362 mysterium

31 1372 79 1403 lus
96 1375 201 1404 verbis
219 1377 352 1413 exponit
370 1376 411 1415 (b)
431 1387 437 1405 ε
460 1389 473 1404 (ι
486 1378 574 1407 Unus
593 1378 677 1407 Deus
695 1377 881 1407 retinendus
907 1381 966 1413 esl,
984 1381 1014 1407 et
1032 1381 1093 1407 tres
1114 1377 1315 1415 hypostases.
1336 1374 1402 1403 sire
1424 1377 1485 1402 tres
1505 1380 1658 1407 personw.

30 1424 229 1461 confitenda»,
259 1430 289 1456 el.
317 1426 447 1464 quidem
480 1435 683 1464 unaquaeque
715 1435 785 1455 cum
821 1434 879 1455 sua
911 1426 1145 1464 proprietate.»
1165 1425 1199 1453 Et
1222 1425 1252 1453 in
1272 1424 1331 1453 alia
1353 1422 1497 1452 oratione
1516 1421 1552 1460 (r)
1571 1431 1577 1450 :
1597 1432 1609 1447 α
1625 1422 1659 1449 At

31 1483 131 1505 nuum
149 1477 250 1507 Deum
271 1486 446 1516 agnoscere
475 1478 641 1514 oportebat
661 1477 807 1516 principii
840 1484 1002 1516 expertem
1038 1482 1066 1507 et
1099 1478 1289 1516 ingenitum,
1323 1480 1352 1505 et
1372 1484 1470 1505 umnu
1489 1475 1606 1504 Filium
1624 1482 1660 1503 ex

30 1525 120 1556 Patre
136 1527 295 1564 genitum,
314 1532 460 1560 etenum
479 1530 632 1568 Spiritum
656 1539 693 1560 cx
722 1531 788 1560 Deo
805 1531 1019 1561 substantiam
1053 1531 1235 1564 habentem,
1265 1529 1494 1560 concedentem
1515 1527 1596 1557 Patri
1617 1527 1662 1555 in-

31 1578 129 1615 geniti
151 1579 391 1617 proprietatem,
410 1582 493 1613 Filio
512 1591 587 1613 vero
603 1583 869 1621 generationem:
899 1583 937 1613 de
955 1589 1068 1614 ecetero
1086 1587 1192 1613 autern
1212 1582 1355 1621 ejusdem
1378 1579 1511 1608 omnino
1530 1581 1661 1612 naturae.

33 1628 209 1666 ‘fila'flifflllS-
239 1628 384 1666 h000P55‚
415 1633 638 1670 gloriae.11oec,
671 1632 814 1671 inquam,
841 1641 1013 1671 agnoscere
1031 1633 1210 1672 oportebat,
1228 1632 1292 1661 luec
1313 1628 1468 1659 rouliteri.
1485 1640 1497 1654 »
1515 1626 1661 1656 Trinitati

32 1685 247 1712 accommodat
265 1682 329 1713 liaec
346 1684 478 1714 Joannis
499 1684 592 1714 verba
623 1684 661 1714 de
686 1684 767 1713 Filio
792 1695 798 1713 :
817 1695 830 1710 «
843 1683 922 1712 Erat
949 1683 1006 1713 lux
1021 1692 1104 1718 vera,
1125 1693 1190 1722 quoe
1206 1682 1363 1712 illuminat
1384 1688 1497 1708 (inanem
1513 1678 1663 1706 hominem

32 1730 194 1759 venientem
213 1732 244 1761 in
272 1732 354 1762 hunc
374 1732 520 1762 rutundum
541 1732 573 1761 ¹⁷.
604 1733 676 1762 Erat
696 1732 747 1761 lux
766 1741 838 1762 vera
859 1754 887 1762 ..
903 1755 910 1762 .
924 1732 1024 1761 Pater.
1053 1732 1125 1761 Erat
1144 1731 1196 1761 lux
1218 1740 1289 1760 vcra
1309 1753 1338 1761 ..
1358 1751 1364 1758 .
1389 1730 1500 1759 Filius,
1520 1729 1588 1757 litat
1611 1728 1663 1756 lux

35 1790 104 1811 *era
171 1783 252 1813 alius
266 1783 459 1814 Paracletus.
479 1785 565 1820 Erat,
581 1788 609 1813 et
626 1788 702 1819 erat,
721 1788 752 1814 et
769 1788 833 1814 erat
851 1794 858 1813 z
879 1784 936 1813 sed
957 1791 1056 1813 unum
1073 1787 1150 1813 crat.
1170 1784 1289 1818 [ιιι-,οἰ
1308 1783 1373 1818 lux,
1391 1785 1420 1810 et
1438 1781 1488 1810 lux
1510 1780 1587 1809 :sed
1611 1780 1662 1808 lux

35 1839 106 1866 una,
126 1832 211 1862 Deus
230 1841 325 1862 unus.
341 1844 355 1861 ιν
373 1833 535 1868 Quaelibet
555 1841 692 1870 persona
717 1838 762 1862 est
781 1832 818 1861 ab
835 1836 953 1862 {eterno
971 1830 1012 1870 (d)
1032 1841 1038 1860 z
1058 1841 1070 1856 α
1086 1831 1213 1860 l'atretu
1233 1840 1304 1861 vere
1327 1832 1480 1866 dicimus,
1501 1838 1535 1859 ac
1566 1830 1664 1858 multo

34 1882 165 1921 quidem
186 1885 306 1920 verius,
337 1893 433 1923 quam
465 1885 520 1924 qui
551 1884 633 1922 apud
664 1893 724 1914 nos
752 1885 782 1914 id
800 1893 917 1914 nomen
936 1884 1105 1918 obtinent3
1135 1885 1201 1911 tum
1229 1883 1304 1921 quia
1324 1883 1450 1921 proprio
1468 1881 1662 1919 etsingulari

36 1937 127 1965 modo
148 1936 236 1966 Pater
253 1941 312 1973 est,
330 1945 392 1967 non
410 1942 516 1967 autem
536 1938 617 1966 sicut
634 1939 865 1975 corpora;turn
883 1935 956 1974 quia
976 1934 1078 1970 solus,
1101 1942 1163 1963 non
1183 1933 1267 1963 enim
1281 1943 1318 1963 ex
1338 1933 1580 1971 ronjunetiom·;
1600 1938 1662 1960 tum

36 1985 108 2023 qnia
125 1986 238 2022 soltus,
258 1996 371 2025 nempe
386 1984 563 2023 unigeniti;
583 1988 648 2013 lum
662 1985 736 2022 quia
754 1984 873 2018 solum,
891 1991 948 2013 nec
965 1982 1048 2012 enim
1067 1982 1134 2020 ipse
1164 1982 1352 2020 priusquam
1376 1982 1466 2012 Pater
1496 1986 1591 2014 esset,
1617 1981 1665 2009 1³1-

37 2034 96 2064 lius
114 2035 173 2066 suit
191 2047 198 2072 ;
217 2041 281 2067 tum
295 2039 369 2077 quia
395 2039 426 2068 in
446 2040 546 2067 lotum
564 2040 594 2066 et
615 2035 713 2065 totius
733 2036 834 2069 Pater,
863 2034 949 2073 quod
968 2034 1007 2063 de
1038 2032 1131 2063 nobis
1158 2037 1244 2062 certo
1273 2032 1420 2063 assirmari
1453 2032 1582 2070 nequit;
1600 2035 1664 2059 tum

35 2086 108 2123 quia
126 2087 163 2117 ab
183 2088 286 2124 initio,
305 2098 362 2119 uec
377 2089 460 2120 enim
485 2089 646 2128 posterius
659 2089 749 2118 Pater
769 2095 839 2118 esse
856 2087 961 2124 coepit.
976 2085 1093 2114 Filium
1112 2092 1184 2113 vere
1202 2083 1334 2118 Filium,
1355 2084 1439 2122 quod
1459 2088 1488 2112 et
1506 2083 1595 2112 solus
1613 2082 1665 2116 sit.

37 2142 65 2167 et
83 2139 197 2175 solius,
219 2148 254 2170 ac
283 2141 437 2179 singulari
465 2141 572 2176 modo.
591 2145 620 2171 et
648 2141 772 2176 solum;
794 2148 856 2169 nou
890 2146 973 2168 enim
995 2138 1088 2166 Pater
1111 2144 1242 2174 quoque
1267 2134 1362 2164 simul
1389 2137 1446 2168 est,
1467 2134 1544 2162 etin
1565 2124 1664 2162 toloni

38 2189 150 2227 Filius,
169 2195 200 2220 et
230 2191 341 2227 totius,
359 2196 390 2222 et
420 2201 435 2222 a
470 2192 636 2230 principio,
666 2191 746 2221 lianc
777 2190 898 2220 scilicet
935 2189 1086 2219 rationem
1127 2188 1261 2221 liabens,
1295 2189 1329 2215 nt
1363 2193 1528 2223 nunquam
1563 2183 1666 2212 Filius

38 2247 107 2269 esse
134 2241 284 2278 coeperit·.
313 2249 376 2271 non
405 2241 488 2271 enim
518 2250 556 2272 ex
586 2240 769 2280 poenitentia
801 2243 848 2270 est
872 2238 986 2271 deitas,
1014 2246 1119 2277 neque
1144 2245 1182 2266 ex
1213 2236 1356 2274 prosectu
1375 2233 1594 2267 deilicatio‚ut
1612 2231 1667 2261 ille

38 2288 206 2328 aliquando
222 2291 328 2328 Pater,
346 2290 396 2321 liic
415 2291 587 2330 aliquando
612 2291 716 2321 Filius
733 2299 802 2320 esse
823 2290 960 2320 desinat.
981 2289 1134 2328 Spiritum
1157 2291 1302 2317 sanctum
1332 2295 1406 2316 vere
1423 2290 1566 2316 sanctum
1587 2296 1593 2314 :
1613 2294 1664 2314 n·—

39 2348 100 2378 que
117 2341 202 2370 enim
233 2341 314 2371 alius
344 2341 416 2372 talis
435 2346 494 2377 est,
528 2351 585 2372 nec
601 2343 712 2372 eodem
733 2343 839 2377 modo,
871 2349 977 2379 neque
997 2349 1034 2370 ex
1054 2339 1239 2370 accessione
1256 2338 1457 2368 sanctitatem
1477 2337 1583 2371 habet,
1611 2338 1665 2366 sed

40 2394 87 2420 est
102 2389 237 2429 ipsamet
256 2392 419 2425 sanctitas.
438 2400 496 2422 nec
514 2392 611 2429 magis
625 2395 655 2421 et
678 2391 797 2427 minus,
819 2399 886 2425 nec,
920 2391 1024 2429 quoad
1047 2394 1184 2427 tempus,
1209 2388 1365 2427 originem
1385 2397 1524 2427 uuquam
1545 2388 1666 2426 habuit,

40 2442 201 2471 nectinem
219 2443 385 2473 habiturus
403 2448 462 2474 est.
480 2444 547 2473 Hoc
567 2444 650 2473 enim
674 2444 755 2473 Patri
773 2448 803 2473 et
821 2443 902 2473 Filio
915 2447 943 2471 et
960 2442 1090 2479 Spiritui
1108 2445 1217 2471 sancto
1237 2448 1407 2470 commune
1424 2444 1481 2474 est,
1501 2440 1583 2477 ipind
1605 2439 1666 2467 mi-

41 2491 125 2521 nime
141 2493 233 2523 creati
251 2497 337 2529 sunt,
368 2498 464 2532 atquc
483 2494 549 2531 ipsa
567 2493 732 2523 divinitas.
752 2493 820 2522 Hoc
840 2497 944 2522 autem
970 2491 1051 2521 Filio
1076 2496 1105 2521 et
1133 2492 1265 2529 Spiritui
1285 2496 1404 2526 saneto,
1423 2492 1508 2528 qtiod
1533 2495 1667 2527 nter-ipio

41 2548 148 2570 eorum
169 2551 205 2571 ex
221 2542 312 2573 Patre
332 2547 390 2572 est.
408 2544 447 2572 At
466 2551 539 2572 vero
553 2543 653 2571 Patris
671 2542 848 2580 proprietas
870 2542 935 2570 liatc
949 2546 1008 2575 est,
1026 2542 1112 2580 quod
1131 2541 1294 2579 ingenitus
1320 2541 1360 2570 sit
1386 2552 1393 2570 :
1414 2542 1485 2570 Filii
1503 2540 1588 2577 quod
1612 2549 1666 2576 ge-

43 2593 126 2623 nitus
145 2603 153 2623 =
172 2594 309 2632 Spiritus
330 2597 430 2626 sancti
449 2597 534 2634 quod
553 2596 742 2633 procedat.»
760 2596 832 2624 Hzec
846 2595 1009 2632 generatio
1029 2598 1059 2623 et
1077 2593 1251 2631 processio,
1274 2603 1345 2632 qum
1364 2593 1462 2623 nullis
1482 2592 1588 2621 verbis
1607 2599 1663 2628 po-

42 2647 101 2674 test
119 2645 282 2683 explicari,
297 2648 463 2677 scrutanda
482 2654 546 2676 nou
561 2650 632 2676 est:
652 2658 664 2672 α
680 2646 746 2675 Hoc
763 2650 883 2675 tantum
902 2645 1040 2674 sciamus
1058 2644 1246 2674 Trinitatem
1267 2644 1296 2673 in
1317 2644 1450 2679 unitate,
1465 2646 1493 2674 et
1513 2641 1666 2672 unitatem

79 2705 134 2721 ’Μ’
155 2705 235 2732 Eccli.
263 2713 312 2737 ιιι,
334 2706 379 2732 ⁶22.
420 2707 441 2721 ¹⁵
461 2706 539 2734 Prov.
557 2706 695 2742 ‚xxm-27.
735 2706 754 2720 ¹⁷
775 2705 851 2732 Joau.
869 2714 886 2737 t,
902 2706 927 2732 9.

78 2764 114 2798 (a)
135 2764 179 2792 Or.
196 2765 241 2794 28.
256 2774 282 2792 ιι.
295 2767 338 2795 51.
358 2767 383 2793 in
401 2767 461 2793 [ine.
677 2783 682 2789 -
909 2766 944 2797 tr)
965 2766 1010 2791 Or.
1027 2765 1071 2794 5¹,
1089 2773 1116 2791 n.
1132 2765 1158 2790 7».

80 2801 113 2835 (ιι)
133 2801 178 2826 or.
197 2800 240 2833 52,
259 2809 284 2828 ιι.
302 2802 324 2828 5.
909 2805 946 2833 pr.
969 2802 1014 2826 or.
1036 2800 1077 2830 ὲκ,
1095 2809 1120 2825 a.
1144 2800 1180 2830 rs.
1206 2799 1241 2825 ιτ.
