1838 3046
156 136 190 161 87
654 136 838 165 PRAEFATto
857 138 1060 166 GENERALIS.
1082 153 1115 157 —
1133 138 1220 165 PARS
1241 142 1271 165 ΙΙ.
1745 143 1776 170 88

157 194 246 230 ficat;
267 194 407 223 maxime
430 202 504 224 vero
531 195 583 225 illa
617 199 854 235 comparatione
884 199 967 229 inter
985 199 1083 228 lunus
1108 198 1254 236 Gregorii
1287 198 1395 237 patris,
1415 207 1509 238 quem
1524 199 1703 238 Theologus
1717 201 1776 231 sibi

157 250 259 276 morte
288 246 448 275 sublatum
468 247 564 283 dolet,
583 251 612 278 et
629 249 836 279 amissionem
861 249 1079 288 Amphilochii
1100 250 1168 282 lilii.
1187 258 1281 287 quem
1299 249 1543 287 Amphilochius
1568 255 1654 290 pater
1674 252 1778 283 adem-

158 300 247 334 ptum
271 298 332 326 sihi
358 299 520 336 queritur;
547 299 664 338 illaque
686 301 877 339 etia1n,jure
894 301 1006 339 utique
1032 301 1292 339 propinquitatis,
1308 301 1416 332 debita
1438 302 1669 337 consolatione.
1684 312 1778 342 quam

158 348 403 387 Amphilochius
422 354 521 387 pater,
540 354 570 380 et
586 352 759 389 Gregorius
782 353 866 382 filins
883 362 898 382 a
918 361 951 382 se
969 356 1080 383 mutuo
1097 356 1280 390 exspectare
1296 362 1331 383 ac
1349 362 1514 393 reposcere
1539 358 1695 392 poterant.
1711 355 1779 385 Cla-

159 398 226 427 rius
243 399 346 428 adhuc
364 399 411 429 his
429 401 465 429 ad
484 402 743 440 Amphilochium
764 405 869 435 verbis
888 404 968 434 illud
983 405 1119 435 declarat
1135 406 1306 444 Gregorius
1323 417 1330 435 t
1349 408 1433 437 «Nos
1450 415 1591 443 accusaS,
1609 407 1712 446 inquit
1719 429 1778 438 .....

158 449 291 479 minime
310 450 540 482 detrimentum
567 464 751 492 agnoscere,
776 457 861 494 quod
885 457 979 486 amici
1009 465 1122 487 omnes
1140 461 1169 487 et
1184 458 1321 495 cognati,
1340 461 1491 495 συγγενεῖς,
1508 461 1717 496 acceperuut;
1736 461 1780 488 at-

158 511 221 539 que
244 511 302 541 ego
322 503 353 533 in
370 505 492 541 primis,
508 518 522 532 »
542 510 601 535 etc.
621 516 628 534 ι
647 505 860 535 disertissime
885 514 978 544 porro
1004 506 1166 544 exprimit,
1187 506 1240 536 ubi
1266 506 1465 537 lconiensem
1485 506 1669 545 episcopum
1690 514 1781 545 aeque

158 557 249 582 vocat
274 554 504 593 Amphilochii,
532 556 567 586 ad
595 564 691 594 quem
721 555 843 591 scribit,
862 567 876 583 «
893 555 992 585 silium
1016 565 1050 586 ae
1074 565 1167 585 suum
1186 556 1290 594 ipsius
1313 556 1440 587 fratrem
1458 558 1582 588 :tilium
1601 557 1780 594 tuum‚1ra-

160 611 238 636 trem
265 611 369 638 aulem
401 612 583 643 nostrum‚»
608 611 667 637 ete.
691 607 799 634 Τὸνσὸν
819 608 886 640 υἱὸν,
902 608 1035 644 ἡμέτερον
1051 608 1213 643 &edictalem
1231 609 1294 638 Has
1324 609 1364 638 ob
1394 617 1504 640 causas
1531 610 1780 641 consolationem

159 670 174 689 a
194 661 359 700 Theologo
379 666 564 699 exspectare
588 662 740 692 debuerat
757 661 1002 700 Amphilochius
1021 666 1107 699 pater
1123 661 1161 690 de
1179 661 1244 691 sulio
1266 660 1327 690 sibi
1345 660 1504 700 adempto,
1522 671 1635 702 nempe
1652 663 1782 697 Amphi-

161 713 264 743 luchio
280 715 455 750 lconiensi,
472 716 564 754 cujus
581 724 619 745 ex
639 714 800 745 avunculo
816 715 913 746 frater
933 719 1000 745 erat
1016 715 1205 752 Gregorius.

197 778 272 807 Tam
290 779 373 808 clara
397 784 471 808 sunt
495 779 603 808 isthaec
623 782 652 807 et
669 778 772 812 firma,
792 781 825 807 ut
838 777 903 815 jam
926 777 1028 815 pigeat
1046 776 1211 814 epistolam
1229 774 1267 804 ad
1283 773 1496 804 Themistium
1517 783 1608 810 xxiv,
1626 774 1703 804 alias
1722 783 1782 804 cn„

158 829 307 867 adjicere,
324 831 378 861 ubi
405 831 470 861 haec
497 830 666 868 leguntur:
681 828 728 854 Σοὶ
747 828 822 862 φίλος
836 828 969 864 πατρόθεν
985 830 999 854 ὁ
1015 828 1080 863 ‘apag
1099 827 1284 862 ’Λμφιλόχιος-
1303 826 1375 856 Haec
1393 826 1486 856 verba
1506 826 1574 856 sive
1592 835 1662 856 cum
1680 826 1780 857 inter-

160 884 246 918 prete
264 881 309 911 sic
323 881 524 911 reddideris:
546 891 558 907 α
571 880 597 908 Α
614 881 746 918 paterno
764 878 861 909 latere
883 879 939 909 tibi
953 879 1074 909 amicus
1096 882 1142 908 est
1171 885 1262 907 meus
1287 876 1552 915 Amphilochium
1566 890 1579 905 »
1597 878 1665 908 sive
1683 877 1783 915 magis

158 931 195 960 ad
213 931 363 965 litteram,
386 931 470 960 «tibi
487 931 609 960 amicus
628 932 688 966 est,
709 938 801 960 meus
818 939 835 959 a
859 930 1044 968 parentibus
1077 929 1323 968 Amphilochius
1338 941 1346 966 ;
1364 942 1377 957 ι)
1397 930 1457 960 vim
1488 935 1571 960 certe
1594 932 1647 960 aut
1673 930 1784 960 verbo-

159 987 227 1008 rum
252 979 417 1015 horumce,
438 983 492 1009 aut
517 979 686 1010 sententiae
714 979 831 1017 prioris
863 979 947 1009 haud
978 980 1142 1018 effugeris.
1161 981 1272 1011 Dicere
1292 981 1378 1010 enim
1407 981 1507 1011 voluit
1532 989 1588 1011 seu
1613 981 1782 1019 interpres,

159 1038 214 1060 seu
234 1030 420 1068 Gregorius,
437 1031 570 1061 minime
588 1031 778 1069 degenerem
803 1031 841 1061 ab
862 1031 1047 1071 eloquentia
1066 1033 1163 1069 patris
1191 1032 1452 1071 Amphilochium
1471 1042 1556 1068 esse;
1576 1042 1636 1072 qua
1654 1033 1783 1063 Themi-

158 1082 251 1125 stiq«
265 1082 457 1121 eloquentiae
475 1083 567 1121 regi»
589 1083 704 1113 charus
723 1087 812 1122 pater
836 1093 907 1114 cum
935 1088 1032 1121 esset,
1049 1085 1163 1115 charus
1183 1085 1286 1115 eidem
1303 1089 1334 1116 et
1350 1085 1434 1115 filius
1455 1093 1524 1115 esse
1540 1084 1687 1114 debebat.
1708 1084 1785 1119 Quae

158 1132 288 1170 quidem
305 1135 464 1164 avunculo
482 1135 640 1173 Gregorii,
660 1135 794 1175 ejusque
809 1135 887 1173 silio,
904 1136 958 1175 qui
977 1136 1010 1166 in
1034 1137 1204 1176 epitaphiis
1224 1140 1388 1175 tantopere
1413 1137 1454 1167 ob
1473 1136 1686 1175 eloquentiam
1705 1136 1786 1166 cele-

158 1187 302 1220 brantur,
320 1188 448 1225 egregie
472 1188 678 1218 conveniunt.
697 1189 787 1218 Unde
813 1189 844 1218 in
866 1190 976 1219 eadem
994 1189 1130 1228 epistola
1160 1198 1231 1220 mox
1263 1189 1397 1228 subjicit
1416 1189 1614 1227 Gregorius:
1634 1189 1786 1219 «Addam

158 1236 266 1271 etiam,
286 1237 549 1276 quodejusmodi
568 1245 627 1275 est,
642 1252 655 1267 »
674 1248 788 1278 nempe
804 1240 1064 1279 Amphilochius,
1081 1252 1094 1268 «
1108 1242 1161 1280 qui
1197 1250 1254 1272 nec
1279 1242 1432 1279 majorum
1455 1241 1578 1278 generi,
1599 1249 1656 1271 nec
1674 1244 1788 1270 nostrae

159 1287 307 1317 amicitiae
331 1288 479 1318 dedecori
502 1290 582 1320 sit.»
608 1290 658 1320 Sic
686 1292 773 1321 enim
802 1291 962 1321 reddenda
988 1292 1132 1329 Gregorii
1164 1292 1270 1326 verba,
1291 1291 1416 1326 πατέρων
1435 1291 1526 1325 γένει·
1548 1301 1612 1321 non
1640 1296 1671 1322 ut
1691 1291 1788 1320 inter-

158 1348 243 1377 pres,
259 1352 271 1366 (ι
286 1344 417 1379 paterno
445 1343 554 1380 generi
569 1353 576 1378 ;
591 1354 604 1369 »
621 1343 742 1381 alioqui
760 1342 863 1377 πατρὸς
882 1342 1018 1372 dixisset
1039 1343 1227 1380 Gregorius,
1252 1351 1314 1373 non
1333 1345 1470 1380 πατέρων.
1491 1344 1534 1374 lta
1557 1346 1662 1373 autem
1685 1341 1790 1380 loqui-

161 1394 222 1425 tur,
250 1394 282 1420 ut
307 1399 408 1428 genus
435 1393 663 1430 Amphilochii,
682 1401 776 1423 suum
803 1401 933 1431 quoque
959 1391 1074 1428 fuisse,
1100 1392 1301 1432 majoresque
1328 1393 1457 1424 eosdem
1489 1394 1657 1431 signiticet.
1685 1391 1788 1421 Simili

161 1451 290 1477 prorsus
310 1447 339 1472 et
351 1445 508 1473 sententia
530 1448 560 1474 et
576 1445 699 1474 ratione
720 1445 751 1474 in
767 1444 907 1474 carmine
923 1444 973 1478 57,
995 1452 1077 1474 vers.
1091 1444 1160 1479 103,
1179 1456 1192 1470 ι(
1205 1445 1302 1475 decus
1322 1454 1415 1475 suum
1429 1444 1654 1474 »iconiensem
1667 1441 1790 1480 episco-

161 1502 234 1530 pum
258 1493 518 1531 Amphilochium
548 1496 722 1533 Gregorius
750 1500 838 1526 vocat
857 1496 909 1534 (a).
929 1496 1033 1526 Decus
1057 1502 1164 1526 autern
1192 1505 1263 1527 esse
1290 1500 1411 1535 poterat
1446 1495 1588 1534 Gregorii
1625 1493 1790 1532 Amphilo-

161 1544 264 1579 rliius,
285 1544 331 1573 vel
357 1548 390 1574 ut
415 1546 491 1575 tanti
510 1547 653 1584 magistri
670 1547 861 1585 discipulus,
885 1547 936 1576 vel
958 1550 989 1576 ut
1014 1547 1193 1577 communis
1218 1546 1328 1585 stirpis
1347 1550 1376 1576 et
1396 1547 1530 1585 originis
1552 1548 1787 1576 ornamentum.

162 1597 288 1627 Praestat
308 1597 373 1628 haec
403 1607 477 1629 vero
505 1598 664 1629 sententia
695 1599 806 1636 priori,
824 1607 895 1629 cum
916 1598 1145 1638 Amphilochio
1171 1598 1305 1637 epistola
1326 1607 1398 1634 xm,
1417 1600 1494 1630 alias
1509 1608 1581 1634 ccx,
1599 1597 1788 1628 scribentem

161 1649 349 1690 Gregorium
369 1651 569 1682 viderimus:
588 1652 680 1682 «Neu
712 1651 849 1681 multum
878 1660 941 1682 una
963 1652 1122 1686 suimusm
1137 1655 1212 1686 etc.,
1229 1660 1300 1689 quae
1317 1659 1333 1680 a
1352 1650 1522 1688 disciplina
1548 1656 1643 1687 quam
1666 1644 1789 1682 longis-

161 1704 243 1734 sime
264 1708 383 1734 remota
411 1708 497 1734 sunt.
524 1705 570 1734 lta
594 1713 724 1743 quoque
744 1705 906 1744 epitaphio
932 1705 1015 1743 apud
1046 1704 1258 1734 Muratorium
1286 1713 1409 1739 xxxvi,
1434 1702 1638 1733 Nicomedem
1664 1699 1787 1728 «decus

163 1765 298 1785 meum»
317 1757 378 1791 ait;
395 1757 468 1795 quia
487 1757 652 1795 sanguinis
668 1757 825 1795 particeps
842 1757 1000 1796 ejusdem,
1017 1760 1143 1794 gentem
1163 1760 1194 1785 ct
1217 1755 1285 1794 ipse
1311 1754 1540 1793 Gregorianam
1562 1749 1750 1780 illustrabat-

202 1818 264 1848 Nec
291 1819 397 1848 minus
430 1820 468 1849 ad
499 1828 564 1849 reni
601 1823 742 1849 nostram
769 1818 889 1849 faciunt
906 1822 1132 1848 testamentum
1158 1817 1318 1855 Gregorii,
1336 1820 1365 1846 et
1393 1816 1499 1854 plures
1527 1813 1687 1851 epistolae;
1708 1819 1790 1840 xxii·

163 1870 242 1900 alias
260 1880 318 1905 cx;
335 1881 430 1908 xxm,
452 1872 530 1902 alias
544 1881 612 1907 cv1;
631 1872 663 1901 in
680 1872 798 1910 quibus
817 1871 1079 1909 Amphilochium
1097 1870 1165 1899 sive
1183 1870 1315 1903 honore,
1335 1869 1404 1898 sive
1424 1874 1533 1897 amore
1550 1863 1790 1902 dignissimum.

163 1922 211 1951 vel
238 1924 559 1960 reverendissimum,
578 1933 654 1954 sane
673 1924 713 1954 ob
736 1924 940 1962 episcopatus
960 1922 1162 1960 dignitatem,
1179 1921 1277 1950 filium
1297 1928 1390 1949 suum
1409 1917 1547 1956 appellat
1568 1925 1575 1944 τ
1594 1915 1644 1940 Τὸν
1657 1913 1792 1948 τιμιώτα-

162 1982 208 2000 τον
228 1975 294 2006 υἱὸν,
313 1976 538 2011 αἱδεσιμώτατον,
555 1980 615 2007 etc.
638 1976 854 2014 Euphemiam
882 1984 1026 2014 quoque,
1049 1973 1281 2011 Amphilochii,
1302 1975 1410 2010 postca
1436 1967 1614 1999 Icouiensis
1635 1965 1791 2004 episcopi,

163 2033 350 2060 germanum
375 2026 516 2061 fratrem,
544 2024 645 2055 silium
674 2034 767 2055 suum
795 2025 932 2063 appellat
958 2024 1144 2061 Gregorius.
1173 2023 1203 2052 Si
1222 2023 1376 2052 rationem
1408 2027 1544 2059 quaeras,
1564 2026 1619 2047 eur
1642 2015 1793 2045 amitinos

162 2074 338 2112 Gregorius
364 2081 472 2107 noster
506 2087 543 2109 eo
572 2079 702 2109 nomine
723 2077 907 2113 donaverit,
935 2077 1069 2116 epistola
1096 2085 1192 2110 xxm,
1213 2075 1291 2105 alias
1319 2083 1380 2108 cvi,
1399 2081 1468 2110 quae
1497 2078 1551 2109 pro
1570 2067 1794 2107 Amphilochio

164 2127 234 2164 ipso
260 2129 376 2167 scripta
408 2134 468 2166 est,
492 2131 618 2162 docebit
636 2141 644 2160 ε
663 2142 677 2158 ιι
704 2131 776 2169 lpse
802 2130 872 2165 tibi,
909 2129 1015 2168 inquit
1050 2128 1237 2166 Gregorius,
1267 2125 1491 2156 charissimum
1524 2122 1623 2152 lilium
1649 2124 1793 2150 nostrum

164 2178 426 2216 Amphilochium
455 2182 567 2215 offero,
591 2183 695 2212 virum
717 2181 884 2220 probitatis
905 2181 1036 2211 nomine
1054 2188 1157 2218 usque
1180 2179 1259 2208 adeo
1284 2177 1440 2211 nobilem,
1459 2175 1554 2205 etiam
1572 2176 1682 2211 proeter
1696 2179 1792 2209 quam

163 2234 239 2260 {2²³⁵
260 2232 358 2268 sorith
379 2237 412 2263 ut
429 2234 510 2272 ipse,
532 2234 636 2273 quiet
655 2243 754 2264 senex
781 2237 811 2263 et
833 2233 982 2263 sacerdos
989 2254 1049 2263 .....
1077 2231 1225 2269 praeclare
1253 2238 1377 2260 mecum
1393 2227 1440 2266 agi
1461 2225 1702 2256 existimatur-us
1719 2221 1793 2256 sim,

166 2284 190 2313 si
212 2293 279 2313 cam
312 2284 480 2316 hominum
512 2287 784 2317 existimationem
814 2285 1035 2316 obtinerem.»
1053 2283 1165 2314 AEtatis
1193 2283 1289 2321 igitur
1313 2279 1545 2319 dignitatisque
1575 2273 1791 2313 prmrogauva,

166 2334 225 2363 hoc
246 2343 324 2364 usus
347 2344 418 2366 esse
439 2337 594 2368 vocabulo
617 2336 791 2374 Gregorius
815 2336 956 2371 videtur,
986 2338 1015 2365 et
1038 2335 1192 2366 amitinos
1213 2332 1398 2373 appellavit,
1428 2332 1522 2360 modo
1550 2326 1676 2362 fratres,
1699 2323 1791 2355 modo

166 2386 260 2416 lilios.

205 2449 251 2477 De
274 2448 406 2483 Nonnoe,
437 2448 583 2485 Gregorii
618 2447 741 2482 matris,
761 2448 931 2484 nepotibus
954 2454 1040 2476 nunc
1064 2445 1218 2474 dicamus
1241 2442 1351 2471 Nonna
1375 2443 1436 2469 tres
1461 2436 1578 2466 liberos
1604 2432 1793 2486 procrearit,

166 2500 371 2537 Gregorium,
400 2499 587 2532 Censorium.
606 2502 634 2528 ct
662 2498 756 2528 tiliam
783 2497 912 2527 nomine
941 2495 1147 2533 Gorgoniam.
1177 2492 1299 2523 Caelebs
1323 2489 1404 2520 obiit
1425 2486 1600 2518 Caesarius;
1618 2483 1792 2537 Gregorius

169 2550 382 2588 virginitatem
407 2554 561 2588 perpetuo
583 2549 695 2584 coluit,
713 2549 874 2586 vitamque
901 2538 1107 2578 monasticam
1130 2542 1284 2573 exercuit.
1305 2540 1374 2569 Sola
1403 2541 1550 2577 posteros
1568 2533 1698 2586 reliquit
1716 2531 1794 2560 Gor-

168 2600 275 2635 gouia,
299 2608 369 2637 quae
399 2599 508 2637 nupsit
537 2599 666 2637 Alypio.
691 2598 820 2627 Nullum
839 2597 904 2635 jam
939 2595 1131 2634 conjecturis
1160 2594 1264 2623 locum
1297 2590 1335 2620 de
1365 2587 1477 2618 marito
1497 2586 1793 2621 Gorgoniae‚q110m

168 2651 323 2679 Batonius
343 2650 373 2678 in
394 2650 465 2680 Vita
487 2649 632 2687 Gregorii
646 2647 841 2678 Vitalianum
858 2647 959 2677 fuisse
983 2644 1182 2683 conjiciebat,
1196 2638 1423 2671 Tillemontius
1441 2636 1584 2666 modeste
1604 2632 1794 2688 suggerebat

168 2712 237 2732 csse
254 2702 433 2736 Melctium,
455 2699 608 2739 relinquit
632 2698 829 2738 epitaohiuui
859 2707 921 2726 Lxx
950 2695 1003 2734 [bt.
1020 2695 1054 2724 ln
1071 2701 1109 2723 eo
1134 2690 1294 2730 siquidem
1313 2686 1449 2725 Alypius
1475 2686 1643 2722 Gorgoniae
1661 2684 1794 2712 maritus

167 2750 366 2789 appellatur:

206 2858 242 2888 (ιι)
263 2858 351 2882 (Lirin.
377 2857 408 2882 :id
424 2853 573 2889 olympiad.
1027 2848 1061 2880 (b)
1082 2846 1189 2875 Marah,
1203 2851 1245 2877 cp.
1266 2842 1309 2874 70,
1327 2848 1351 2874 p·
1369 2839 1409 2867 (55.
