1838 3046
209 141 254 168 ΓΠ
698 147 879 174 PRAEFATto
900 147 1102 174 GENERALlS.
1122 163 1157 168 -
1176 148 1263 175 PARS
1282 148 1324 175 ltt.
1769 146 1817 173 123

212 201 372 238 quoddam
390 202 579 234 beneficium
598 208 656 240 est,
676 212 774 245 atque
792 216 807 237 a
828 208 885 236 Dei
904 207 1098 244 benignitate
1115 214 1246 236 manans
1251 228 1311 237 .....
1320 206 1440 236 Idcirco
1456 206 1516 236 ait:
1529 215 1543 232 ι(
1556 212 1618 234 non
1639 204 1787 239 volentis,
1801 217 1813 231 n

209 250 239 279 id
259 254 317 286 881,
337 260 400 281 non
428 253 530 283 solum
561 255 710 291 volentis,
736 265 818 286 «nec
844 255 1028 285 currentis»
1056 256 1173 293 solum,
1194 258 1273 288 «sed
1287 270 1301 286 »
1322 258 1415 289 etiam
1447 254 1651 286 «misere-ntis
1667 254 1757 283 Dei.»
1774 255 1818 285 lta

209 300 361 338 quoniam
380 301 460 332 velle
477 312 607 342 quoque
623 305 727 342 ipsum
745 315 760 335 a
778 306 844 335 Deo
865 309 923 340 est,
940 306 1060 344 optimo
1090 307 1163 344 jure
1185 310 1282 338 totum
1298 308 1365 337 Deo
1382 305 1564 343 assignavit.
1582 305 1817 341 Quantumlibet

210 356 332 385 curras,
351 354 585 389 quantumlibet
602 358 714 390 certes,
732 364 813 393 opus
837 356 934 385 habes
953 364 989 385 eo
1012 356 1066 394 qui
1081 357 1131 386 dat
1149 359 1323 387 coronam.'
1340 368 1353 384 «ι
1366 355 1431 386 Nisi
1449 355 1602 384 Dominus
1621 355 1819 385 aedificaverit

216 397 358 435 domum,
389 400 420 429 in
452 410 566 432 vanum
596 404 819 434 laboraverunt
843 405 898 442 qui
923 405 1077 435 edificant
1100 406 1431 436 eam.NisiD0minus
1448 405 1633 435 custodierit
1650 405 1817 442 civitatem,

210 446 324 477 frustra
363 449 469 488 vigilat
499 452 552 489 qui
580 453 717 483 custodit
746 462 814 484 eam
838 454 872 484 ⁶³.
893 464 906 480 »
934 454 1022 490 Sci0‚
1051 455 1172 493 inquit.
1196 457 1281 493 quod
1304 464 1363 485 nec
1387 455 1542 485 velocium
1559 463 1671 484 cursus
1687 459 1744 490 est,
1762 464 1819 486 nec

211 496 328 527 bellum
347 498 489 535 fortium,
509 510 565 531 nec
583 503 792 540 pugnantium
813 503 956 538 victoria,
974 513 1030 534 nec
1048 513 1197 542 prospere
1214 505 1430 543 navigantium
1449 508 1557 543 portus
1573 515 1580 541 ;
1597 505 1651 535 sed
1680 505 1737 535 Dei
1760 511 1817 541 est,

211 549 242 574 et
260 546 423 577 victoriam
442 551 566 587 afferre,
586 556 616 582 et
633 553 825 582 incolumem
841 553 988 591 scapham
1007 554 1038 583 iu
1058 558 1183 591 portum
1202 555 1407 592 perducere.»

249 596 333 631 Quid
349 597 463 636 plura?
484 602 605 640 etquid
629 602 689 632 sibi
706 611 852 641 arrogare
870 603 1006 633 humana
1024 603 1171 634 voluntas
1188 608 1370 643 praesumat,
1388 614 1457 636 cum
1475 608 1504 635 et
1520 605 1585 643 ipsa
1607 605 1688 635 bona
1705 605 1818 634 volun-

210 651 270 684 tas,
289 650 317 678 et
335 649 447 680 electio
464 650 500 679 ad
520 655 602 681 recte
624 653 794 690 agendum,
815 656 845 682 et
865 653 951 683 labor
968 656 997 683 et
1013 662 1125 683 cursus
1142 657 1174 683 et
1192 654 1320 684 victoria
1337 658 1367 684 et
1384 655 1600 690 incolumitas,
1617 658 1646 684 et
1662 654 1818 693 quidquid

210 699 339 737 cogitari
358 704 460 737 potest
478 711 579 741 usque
597 703 635 732 ad
656 703 850 741 triumphum
888 707 919 733 et
945 703 1068 741 plenam
1099 706 1168 741 post
1196 703 1334 742 pericula
1351 704 1567 739 securitatem,
1584 708 1682 735 totum
1700 706 1765 736 Deo
1781 706 1821 736 sit

209 751 330 788 optimo
348 751 421 790 jure
442 752 673 783 tribuendum?
691 754 774 783 Hinc
799 753 825 783 si
843 754 909 783 Deo
935 761 1076 788 munera,
1094 753 1173 791 grati
1197 753 1293 783 animi
1311 753 1474 792 obsequia,
1495 754 1608 783 offerre
1624 755 1820 791 studeamus,

211 809 275 830 non
302 809 318 830 a
346 801 440 831 nobis
460 806 607 840 tanquam
636 812 673 832 ex
700 803 792 833 nobis
818 803 884 832 haec
904 811 1097 841 promamus,
1125 803 1179 832 sed
1197 806 1343 841 tanquam
1360 803 1441 832 dona
1464 803 1566 841 ipsius
1588 804 1821 838 munificentiae,

208 856 302 890 prout
319 856 404 888 sunt,
421 853 566 882 dicemus
586 852 613 881 ei
632 856 661 882 et
682 861 875 887 voveamus;
908 853 993 890 quod
1014 855 1043 882 et
1069 852 1196 890 pietatis
1216 851 1355 882 ossicium
1380 852 1445 882 Deo
1466 852 1679 889 gratissimum
1697 856 1744 882 est
1765 860 1821 882 no-

208 901 322 940 bisque
338 901 599 931 saluberrimum.
622 900 751 936 «Alius,
781 900 885 940 inquit
924 901 976 941 (a),
1017 902 1122 932 minus
1145 902 1289 940 quidem,
1313 903 1394 932 alius
1421 902 1545 940 majus,
1576 911 1685 933 omnes
1718 906 1821 934 tamen

209 951 285 980 citra
303 951 524 989 exceptionem
552 950 737 986 offeramus,
764 951 796 981 in
817 960 896 988 opus
933 952 1118 990 perfectum,
1153 953 1184 982 in
1213 953 1426 983 habitaculum
1447 952 1575 990 Christi,
1608 955 1639 983 in
1671 953 1822 991 templum

209 1003 367 1036 sanctum,
384 1000 628 1030 architectonica
646 1001 784 1038 Spiritus
800 1006 866 1031 arte
883 1002 1052 1032 constructi
1072 1006 1102 1032 et
1120 1003 1343 1040 coagmentati.
1360 1002 1440 1032 lllud
1466 1002 1596 1041 quidem
1621 1003 1751 1032 minime
1766 1002 1823 1032 du-

208 1049 296 1079 bium
317 1053 377 1083 est,
396 1049 487 1088 quin,
506 1050 631 1080 etiamsi
649 1051 756 1080 omnia
785 1052 1029 1088 contulerimus,
1046 1052 1154 1082 minus
1175 1057 1281 1082 tamen
1308 1052 1450 1083 collaturi
1468 1053 1580 1086 simus,
1596 1060 1690 1090 quam
1705 1051 1825 1090 accepi-

211 1107 294 1128 mus.
312 1099 578 1137 Quandoquidem
597 1100 696 1130 divini
715 1101 858 1130 beneficii
876 1105 924 1131 est
945 1102 1028 1140 quod
1047 1110 1171 1137 sumus,
1194 1103 1279 1141 quod
1302 1103 1401 1133 Deum
1420 1101 1654 1139 cognoscimus,
1670 1101 1821 1140 quodque

210 1149 317 1184 etiam,
337 1149 421 1187 quod
451 1150 637 1186 offeramus,
664 1149 858 1180 habemus.»
884 1151 1024 1181 Tandem
1053 1151 1230 1190 quemlibet
1255 1153 1430 1190 profectum
1454 1152 1492 1181 in*
1510 1152 1626 1182 virtute
1641 1151 1823 1189 fecerimus,

210 1199 416 1236 quantumvis
436 1199 647 1230 immutemur
673 1200 706 1229 in
734 1200 865 1236 melius,
883 1208 945 1230 non
974 1201 1066 1230 nobis
1094 1202 1303 1239 gratulemur,
1332 1202 1387 1231 sed
1412 1202 1478 1232 Deo
1502 1202 1616 1239 gratias
1636 1201 1823 1237 referamus,

208 1248 300 1285 cujus
326 1248 456 1279 dextera
482 1250 515 1279 fit
536 1249 602 1279 liaec
628 1250 815 1288 quotidiana
841 1259 963 1279 morum
992 1251 1184 1286 emendatio,
1214 1255 1248 1281 ut
1274 1252 1446 1289 Gregorius
1470 1252 1631 1283 confirmat
1650 1253 1715 1283 litec
1732 1253 1824 1283 verba

207 1297 376 1336 Scripturae
403 1299 664 1337 interpretando:
683 1300 778 1331 «Non
797 1300 962 1338 apparebis
985 1301 1017 1330 in
1040 1305 1205 1339 conspectu
1220 1311 1282 1331 meo
1300 1311 1414 1331 vacuus
1439 1302 1484 1329 ⁶¹⁵»
1503 1312 1510 1331 :
1532 1313 1545 1328 «
1566 1302 1682 1332 Verum
1698 1303 1725 1332 si
1749 1302 1824 1341 quid

210 1348 332 1385 pulchri
353 1349 460 1384 habes,
479 1354 581 1379 tecum
601 1350 694 1380 sores.
713 1351 752 1379 At
769 1359 865 1385 nunc,
899 1351 1005 1388 inquit
1029 1350 1081 1389 (b),
1104 1351 1230 1381 diverso
1268 1351 1361 1382 modo
1379 1359 1480 1381 novus
1497 1360 1621 1390 appare,
1639 1352 1684 1382 sic
1699 1360 1823 1390 nempe,

213 1403 245 1428 ut
267 1404 352 1430 totns
372 1401 552 1431 immuteris
559 1425 619 1432 .....
636 1403 719 1432 Huic
737 1402 831 1437 festo,
849 1402 992 1431 muneris
1016 1402 1096 1438 loco,
1123 1401 1302 1440 praeclaram
1333 1401 1538 1431 mutationem
1558 1401 1648 1435 offer,
1669 1409 1703 1430 ac
1723 1409 1761 1430 ne
1778 1400 1823 1430 sic-

208 1449 336 1486 quidem
355 1449 516 1486 magnifice
533 1452 571 1479 dc
589 1454 616 1479 te
629 1451 934 1487 sentias‚verumdic
949 1459 1020 1480 cum
1036 1450 1154 1481 Davide
1171 1460 1178 1478 ε
1195 1461 1209 1477 «
1222 1450 1295 1479 Haec
1310 1449 1440 1479 mutatio
1450 1449 1585 1479 dexterae
1602 1449 1789 1486 Excelsi³⁵‚»
1807 1460 1822 1481 a

208 1507 272 1537 <pio
293 1503 455 1536 promanat
471 1499 628 1538 quidquid
646 1500 683 1529 ab
701 1500 887 1530 hominibus
906 1507 990 1530 recte
1011 1504 1131 1530 etcum
1152 1500 1246 1529 laude
1264 1499 1423 1538 geritur.»

247 1548 325 1583 Quis
352 1551 457 1577 autem
485 1549 565 1579 inter
593 1553 636 1579 tot
662 1550 812 1588 pericula,
839 1553 883 1580 tot
912 1551 1122 1580 tentationum
1152 1549 1256 1588 praelia
1286 1549 1395 1578 firmus
1412 1551 1440 1578 ct
1457 1556 1589 1578 securus
1606 1549 1776 1586 gradietur,
1798 1549 1822 1579 si

209 1601 297 1630 solus
315 1606 421 1630 contra
440 1600 545 1629 hostes
565 1604 624 1629 tam
645 1599 864 1629 formidandos
885 1608 1026 1637 pugnare
1054 1601 1210 1637 cogatur?
1237 1599 1327 1628 Nunc
1344 1606 1418 1636 ergo
1438 1597 1681 1628 sollicitationes
1698 1598 1821 1634 mundi,

211 1651 366 1689 impulsus
384 1651 514 1686 diaboli,
531 1651 636 1681 carnis
654 1651 865 1685 titillationes,
885 1650 1075 1688 cupidinum
1092 1652 1205 1684 tostus,
1224 1652 1253 1678 et
1270 1647 1427 1686 quidquid
1445 1647 1586 1678 animum
1603 1658 1618 1678 a
1636 1649 1752 1679 virtute
1769 1650 1823 1680 de-

206 1701 306 1738 jicere
332 1704 448 1739 potest,
476 1710 639 1739 superare,
668 1701 878 1737 comprimere
903 1703 933 1729 et
950 1699 1178 1736 exstinguere,
1198 1698 1306 1728 nullus
1331 1706 1406 1727 sane
1427 1700 1528 1736 potest
1546 1698 1607 1728 nisi
1631 1707 1691 1737 ope
1716 1699 1822 1730 divina

212 1751 356 1780 munitus
373 1754 403 1781 et
418 1751 556 1788 adjutus,
573 1754 606 1780 ut
621 1750 792 1788 Gregorius
807 1749 897 1779 docet
910 1750 960 1789 (ψ

490 1811 523 1837 'Si
543 1810 649 1840 tremis,
664 1809 726 1843 quia
743 1809 869 1843 stipulam
889 1810 1002 1835 scintilla
1020 1810 1085 1836 levis
1097 1810 1233 1836 accendit:

463 1855 466 1861 ·
492 1846 613 1873 Confide.
630 1845 716 1872 imber
726 1852 741 1870 e
755 1844 825 1870 coelo
838 1844 1006 1878 refrigerabit
1017 1845 1148 1879 ingentem
1163 1844 1307 1871 flammam.

210 1905 333 1941 Quibus
351 1905 491 1935 addenda
512 1913 582 1944 quae
606 1905 805 1942 Augustinus
836 1903 876 1941 (d)
904 1913 940 1933 ex
963 1903 1126 1943 deperdito
1152 1912 1246 1941 opere
1267 1904 1410 1941 Gregorii
1438 1902 1593 1941 decerpsit
1612 1910 1641 1932 et
1666 1902 1822 1940 protulit:

212 1969 224 1982 «
241 1956 352 1986 Anima
371 1964 521 1994 namque,
540 1964 609 1985 cum
632 1955 662 1984 in
684 1954 851 1984 laboribus
865 1954 961 1984 fuerit
978 1958 1007 1983 et
1025 1954 1055 1983 in
1074 1953 1245 1990 anglistii5‚
1263 1962 1332 1983 cum
1362 1952 1518 1982 hostiliter
1535 1957 1663 1990 urgetur
1679 1962 1694 1983 a
1716 1962 1823 1990 carne,

211 2012 286 2036 tunc
302 2007 337 2036 ad
358 2007 456 2036 Deum
474 2006 601 2044 refugit,
619 2009 647 2035 et
665 2004 830 2042 cognoscit
844 2004 931 2040 unde
948 2004 1059 2034 debeat
1077 2003 1232 2033 auxilium
1258 2011 1427 2040 poscere.»

201 2047 203 2050 ⁴
250 2058 317 2086 Jam
337 2066 409 2087 vero
428 2062 460 2087 ut
478 2057 536 2087 sibi
556 2064 729 2094 supernam
749 2056 896 2085 virtutem
915 2053 1072 2088 conciliet,
1089 2053 1166 2091 quid
1184 2053 1372 2091 sapientius,
1390 2053 1465 2091 quid
1486 2051 1646 2082 salubrius
1669 2052 1823 2090 languens

214 2113 243 2138 ct
264 2109 422 2138 invalidus
440 2107 645 2144 excogitaret,
665 2114 758 2144 quam
778 2108 877 2135 totum
895 2104 1011 2133 divinae
1039 2103 1146 2141 gratiae
1173 2111 1206 2131 se
1223 2102 1435 2138 committere,
1453 2102 1520 2132 suis
1536 2102 1700 2132 conatibus
1717 2101 1819 2131 nullo-

213 2159 306 2189 modo
332 2159 528 2189 subnixum?
558 2157 621 2186 Nec
650 2156 756 2185 minus
785 2154 981 2192 probandum
1008 2154 1047 2188 si,
1074 2152 1230 2192 quidquid
1258 2156 1373 2194 potest,
1401 2151 1556 2191 quidquid
1584 2152 1676 2188 valet,
1700 2151 1823 2183 Christo

212 2208 351 2239 libenter
367 2208 472 2238 omnia
491 2205 655 2237 concedat.

493 2269 526 2301 (ε)
543 2268 570 2293 1η
587 2272 621 2298 te,
639 2266 755 2296 Christe,
771 2266 830 2299 plus
846 2265 933 2291 liabeo
950 2265 1053 2292 fidueiae
1065 2271 1143 2298 quam
1156 2263 1182 2290 in
1199 2263 1339 2290 conatibus
1354 2263 1450 2290 meis...

492 2304 525 2336 (s)
542 2303 578 2328 Ex
595 2307 629 2331 te,
651 2302 675 2326 in
695 2305 730 2332 te,
749 2301 837 2329 Beate.
856 2308 947 2326 rursus
960 2301 1064 2326 intueor
1080 2299 1159 2325 robur
1179 2306 1299 2325 meum...

493 2340 531 2371 (q)
544 2337 598 2364 Rex
615 2336 732 2368 Christe,
748 2340 773 2362 tu
790 2335 853 2361 mihi
871 2335 967 2369 patria⁷
983 2335 1074 2366 robur,
1088 2334 1196 2363 divitiae.
1214 2335 1313 2360 onmia.

214 2399 250 2427 Et
269 2399 385 2436 quanta
404 2397 442 2426 sit
461 2395 565 2434 gratiae
584 2395 694 2428 virtus,
723 2396 839 2431 quanta
866 2393 933 2431 ejus
952 2394 981 2422 in
998 2392 1091 2422 corde
1114 2394 1274 2421 movendo
1298 2391 1475 2424 efficacitas,
1499 2392 1590 2421 nobis
1615 2390 1749 2429 graviter
1776 2390 1822 2418 in-

214 2447 325 2481 culcat,
343 2447 417 2477 dum
435 2445 528 2475 toties
544 2443 662 2484 profert
679 2442 828 2473 miracula
853 2451 924 2480 quic
951 2442 1095 2472 Christus
1121 2441 1308 2479 corporibus
1334 2441 1484 2471 sanandis
1503 2441 1614 2476 edidit,
1632 2444 1665 2470 ut
1681 2440 1748 2478 ejus
1763 2447 1820 2478 po-

214 2498 343 2526 t..·ntian1
370 2496 526 2526 illustrius
551 2495 759 2525 demonstret.
782 2506 794 2520 «
833 2494 940 2523 Jesum
960 2491 1093 2526 videbis,
1126 2491 1229 2528 inquit
1246 2490 1496 2533 (h),angelorun³
1518 2489 1695 2520 ministerio
1712 2489 1769 2525 uti,
1789 2494 1818 2518 et

214 2549 340 2577 morbos
358 2556 468 2578 omnes
485 2555 518 2577 ac
536 2546 706 2583 languores
724 2552 846 2580 curare,
865 2546 892 2573 et
914 2546 1056 2573 mortuos
1075 2542 1111 2571 ad
1131 2540 1223 2571 vitam
1243 2549 1401 2575 revocare,
1418 2540 1686 2579 quemadmodum
1701 2539 1819 2569 utinam

213 2601 242 2627 tc
260 2606 390 2636 quoque
413 2597 487 2627 fidei
508 2595 659 2635 pravitate
679 2594 1028 2624 mortuum.»'1'antam
1046 2591 1161 2621 divinae
1187 2590 1296 2628 gratim
1312 2589 1471 2626 fiduciam,
1490 2591 1605 2620 tantam
1627 2589 1664 2621 de
1681 2597 1737 2620 sua
1754 2587 1819 2619 effi-

249 2666 270 2681 ⁵³
285 2666 355 2693 Psal.
379 2674 470 2698 cxxvi,
486 2666 509 2691 l.
532 2666 552 2679 Ἠ
571 2664 653 2692 Exod⁴
692 2672 781 2697 xxxiv,
800 2664 842 2690 20.
883 2665 904 2679 ¹⁵³
920 2664 1141 2695 l‘s:·l.1.xxvi,tl.

249 2734 286 2765 (a)
303 2733 347 2759 Or.
361 2734 476 2765 ts=,n.8.
1083 2732 1116 2766 (r)
1134 2731 1275 2758 Carni.97.

251 2768 285 2800 (b)
298 2767 343 2794 Or.
355 2769 397 2798 4⁴,
413 2777 439 2794 n.
457 2770 481 2795 8.
1083 2768 1115 2800 (sl
1131 2766 1221 2792 Carni.
1234 2767 1260 2795 8.
1275 2773 1301 2791 v.
1320 2769 1419 2799 penult.
1451 2799 1456 2803 ,

253 2802 383 2833 (c)(1arm.
398 2804 432 2830 al.
445 2804 470 2835 5,
490 2811 513 2828 v.
529 2804 571 2833 tm,
586 2803 627 2829 57.
1083 2802 1119 2834 (ῃ)
1140 2801 1228 2826 Οιπῐη,
1244 2800 1279 2826 Dc
1294 2802 1343 2825 reb.
1357 2809 1419 2832 suia,
1434 2807 1502 2826 circa
1520 2800 1605 2828 tinem.

254 2838 447 2871 td›.x1ig.‚l.xi
462 2844 529 2865 com.
545 2838 611 2871 lul.y
626 2848 651 2865 n.
673 2839 695 2865 7.
1083 2839 1120 2871 (li)
1133 2835 1177 2863 Or,
1195 2836 1236 2868 38,
1255 2844 1279 2861 n.
1297 2835 1334 2861 16.
