1838 3046
59 74 94 100 31⁸»
569 70 751 97 munatio
771 70 973 98 GENtitiALts.
996 85 1027 90 -·
1048 70 1136 96 l'AltS
1155 70 1172 97 Ι.
1644 72 1678 96 ξῖνὶ

59 135 118 164 set,
137 129 168 158 ni
188 127 349 159 continuis
367 127 522 157 motestiis
547 131 576 157 et
599 128 837 165 impedimentis
860 129 1059 158 conflictatus
1087 130 1212 159 suisset.
1232 129 1365 158 nemum
1384 128 1509 166 incepto
1526 129 1678 159 desistere

59 186 199 214 coactus.
215 180 293 210 niliil
311 179 457 209 absolvit.
475 180 554 208 Tun}
582 180 732 217 pependit
755 180 931 218 interrupta
951 180 1095 218 Gregorii
1114 188 1248 218 operum
1267 179 1376 213 editio,
1397 180 1554 218 titiumque
1569 179 1680 216 ingen-

61 236 106 260 tes
121 239 265 270 operum.
287 231 392 267 titium,
411 231 550 269 inquam,
568 236 715 268 ingentes
731 240 884 269 opernm:
905 241 973 261 nam
988 236 1098 270 μαι-ιρι·
1112 231 1263 267 Gra-gorii
1282 229 1393 268 Opera.
1411 232 1484 260 liti-‘o
1502 231 1531 260 in
1550 240 1679 260 nov-¹111-

60 282 162 312 decim
178 282 352 317 orationes.
371 292 489 320 easque
505 282 696 320 insigniores
713 292 748 313 ai:
767 284 979 321 theologicam
999 284 1113 314 Nicetre
1139 284 1212 313 item
1232 284 1261 312 in
1282 281 1440 311 sexdecim
1457 282 1533 311 alias
1552 282 1677 311 Oratio-

61 340 116 361 nes
133 333 376 368 comnientar·ia;
399 333 518 368 Basilii.
537 334 642 363 medio
659 334 777 363 swenlo
795 335 919 364 decimo
939 335 1084 365 Ecclesiae
1100 334 1307 364 (Ioesariensis
1324 332 1465 370 episcopi
1488 333 1580 369 longe
1596 333 1679 370 opti-

62 382 102 411 nii
121 382 311 419 scholiastae,
332 383 363 412 in
382 382 459 412 duas
476 392 569 421 supra
593 383 802 421 quadraginta
831 384 992 413 orationes
1013 383 1132 413 scliolia
1147 393 1154 418 ;
1172 383 1299 411 demum
1321 384 1415 413 simul
1437 394 1506 413 cuin
1525 386 1678 423 operibus

60 435 218 473 Gregorii,
237 437 307 473 plus
324 440 443 474 septem
462 436 664 474 scriptorum,
682 445 819 474 qnorum
843 436 1027 474 nequidem
1047 438 1117 465 nota
1143 439 1217 464 sunt
1237 436 1375 469 nomina,
1394 426 1477 464 setus
1500 436 1679 470 ‹·der‹·,im‹›

61 484 250 522 przemittero
266 487 602 525 statuerat.1'leraquc
621 492 726 525 perata
743 490 844 522 erant,
864 487 1038 525 etquidem
1072 486 1158 526 prelo
1179 487 1351 518 maturiora
1367 496 1461 526 quatu
1480 487 1546 526 ipsa
1562 489 1680 527 Grego-

60 538 97 567 rii
119 538 232 576 Opera.

99 588 318 618 Intermissum
332 588 384 618 diu
403 597 496 627 opus,
516 589 642 618 tandem
661 589 755 627 longo
776 591 845 627 post
865 592 1007 627 temporo
1027 588 1059 618 in
1076 592 1177 618 nostri
1208 588 1371 618 Prudentii
1390 597 1503 618 manus
1520 589 1677 627 pervenit,

61 639 118 668 riri
140 640 318 669 eruditione
333 644 361 669 et
382 640 544 669 laboribus
564 640 712 670 Ecclesia)
727 640 855 669 utilitati
873 640 1025 677 impensis
1043 661 1051 672 .
1072 648 1187 677 nempe
1201 639 1332 669 edendis
1349 643 1530 668 sant-torum
1550 639 1674 668 l’atrum

59 688 198 725 scriptis,
216 689 396 719 clarissimi.
418 689 516 718 Nemo
543 693 627 719 certe
651 698 666 719 o
684 690 801 719 nostris
826 689 863 719 ad
892 688 1036 725 Gregorii
1055 688 1229 718 editionem
1248 688 1511 723 concinnandam,
1531 689 1611 717 etad
1631 688 1680 717 in-

58 742 180 777 ceptum
199 748 280 777 opus
298 740 380 769 istud
408 740 634 778 perticicndum
652 741 753 778 magis
780 741 928 770 idoneus.
947 741 1064 769 Verum
1083 743 1232 777 suscepto
1246 740 1333 778 operi
1354 740 1457 770 serius
1477 748 1605 768 manum
1625 738 1680 768 ad-

59 789 168 823 movit,
188 797 245 819 nec
263 790 396 820 multum
414 793 614 823 acceleravit.
635 793 799 824 Delectum
820 793 988 832 quemdam
1009 793 1165 822 variarum
1186 793 1358 823 lectionum
1373 815 1382 828 ,
1407 802 1541 832 quarum
1570 791 1678 821 florem

58 841 208 872 libaverat
221 863 228 875 ,
247 842 316 880 ejus
332 852 423 873 numu
443 845 611 883 scriptum,
637 849 666 875 et
685 845 819 883 piurima
837 845 977 876 carmina
993 866 1000 881 ,
1018 853 1089 883 quae
1111 845 1219 874 stricta
1237 844 1382 874 oratione
1401 847 1535 875 verterat
1554 843 1678 878 Billius,

57 892 94 921 «τὺ
115 891 183 928 ipso
202 891 304 922 solua
322 893 464 924 oratione
483 894 603 924 reddita
623 895 812 932 reperimus.

96 945 231 974 Multum
249 946 352 976 adliuc
369 954 472 983 operm
488 950 517 977 et
535 947 652 978 laboris
674 947 925 986 impendendum
945 950 1133 985 supererat,
1150 946 1186 976 ad
1212 943 1431 983 perficiendam
1448 942 1586 979 Operum
1603 941 1680 970 Gre-

58 995 138 1033 gorii
156 995 342 1026 editionem.
363 997 475 1027 Collati
495 999 624 1038 quidem
642 1004 730 1030 erant
748 1009 842 1029 manu
858 999 976 1029 exarati
997 999 1123 1029 codices
1138 998 1330 1032 orationum,
1349 995 1552 1035 epistolarum
1567 996 1596 1022 et
1613 1001 1681 1022 car-

58 1045 179 1076 minum
195 1057 201 1081 ;
219 1047 272 1075 sed
290 1047 382 1076 varim
395 1046 549 1078 lectiones
562 1049 666 1080 adhuc
684 1049 856 1087 dissipatoe,
871 1050 902 1079 in
922 1049 1039 1079 cliartis
1058 1053 1178 1079 tantum
1198 1047 1376 1086 descriptae,
1390 1045 1524 1075 necdum
1541 1043 1577 1073 ad
1591 1050 1678 1072 oram

57 1095 250 1133 exemplaris
269 1096 381 1126 edendi
398 1101 541 1138 appictre.
558 1101 833 1138 Quemadmodum
853 1102 1038 1139 priusquam
1057 1101 1171 1131 domus
1191 1100 1377 1134 (edificetur,
1394 1107 1443 1128 res
1457 1097 1494 1126 ad
1522 1095 1679 1125 redifican-

57 1145 134 1173 dum
153 1145 356 1181 necessaria),
375 1149 502 1179 materia
520 1172 527 1185 ,
544 1151 625 1185 calx,
639 1154 800 1186 caementa,
819 1151 913 1188 ligna,
932 1154 960 1180 et
978 1159 1179 1189 quincunque
1199 1148 1366 1179 rediticanti
1384 1151 1458 1177 sunt
1476 1144 1653 1176 necessaria
1668 1164 1677 1177 ,

57 1199 288 1232 l'l'ffll‘flsssnlur:
317 1197 361 1226 sic
377 1206 447 1235 flu-‘e
473 1200 509 1230 ad
531 1201 705 1232 editionem
724 1202 866 1240 Gregorii
888 1202 1080 1237 necessaria,
1100 1205 1271 1240 prreparata
1290 1203 1433 1241 quidem,
1454 1200 1509 1230 sed
1535 1199 1677 1230 nondum

58 1248 182 1274 tractata
201 1251 230 1274 et
246 1244 404 1277 elaborata
425 1258 431 1277 :
458 1250 552 1279 varia:
569 1250 722 1281 lectiones
738 1250 888 1281 sanandis
908 1251 1005 1281 Orroei
1024 1254 1129 1281 textus
1148 1251 1226 1281 locis
1242 1251 1419 1288 depravatis
1445 1254 1555 1289 przesto
1577 1251 1678 1282 erant,

56 1293 110 1322 sed
130 1294 270 1323 nondum
297 1295 468 1332 adliilnitre3
488 1299 632 1337 adeoque
650 1299 870 1329 emendandus
895 1303 1062 1338 supererat
1081 1304 1188 1330 textus
1205 1322 1212 1335 ‚
1231 1301 1427 1330 emendanda
1445 1308 1575 1338 quoquc
1593 1297 1675 1326 Billii

57 1343 288 1382 interpretatio.
302 1345 526 1377 Concinunnda
545 1352 610 1378 erat
629 1348 688 1378 vita
705 1348 872 1386 Gregorii;
893 1349 930 1378 ad
953 1350 1038 1386 quod
1056 1358 1137 1387 opus
1156 1350 1329 1387 fragmenta
1351 1351 1465 1380 Gallica
1480 1346 1676 1378 'l‘illemontii

58 1398 374 1432 commentariorum.
387 1406 457 1436 quie
473 1406 586 1428 omnes
613 1397 684 1427 vitm
702 1398 803 1436 ipsius
823 1407 924 1427 annos
943 1398 1074 1428 minime
1101 1399 1369 1436 complectuntur,
1389 1398 1543 1436 pra¹cipue
1559 1404 1676 1434 suppe-

59 1447 178 1477 trbant.
195 1448 281 1477 Notio
302 1449 368 1478 sive
384 1449 644 1484 observatione5‚
659 1449 785 1487 aliaque
804 1449 939 1487 plurima
960 1458 1030 1488 qna:
1047 1449 1258 1488 requiruntur
1277 1448 1312 1478 ad
1332 1449 1518 1484 editionem,
1536 1447 1676 1477 nondum

57 1500 238 1529 elaborata:
259 1499 322 1529 liaec
335 1500 440 1529 onmia
455 1508 509 1537 pro
528 1500 650 1529 viribus
663 1503 812 1538 praistare
828 1500 930 1530 conati
948 1508 1074 1530 sumus.

96 1549 235 1578 Primum
270 1549 298 1578 id
330 1549 421 1580 nobis
452 1551 595 1580 studium
628 1551 687 1581 suit
724 1551 824 1581 varias
860 1551 1014 1581 lectiones
1050 1559 1120 1581 cum
1154 1550 1240 1581 edito
1276 1550 1420 1590 Gregorii
1452 1553 1460 1580 t
1487 1552 1537 1579 xtu
1569 1549 1677 1579 Groeco

57 1600 201 1631 conferre
215 1622 222 1636 ‚
255 1600 323 1631 lora
351 1607 495 1641 corrupta
523 1612 657 1640 sanare,
688 1608 723 1633 ut
766 1613 821 1634 sua
860 1604 960 1633 textui
1000 1604 1121 1641 puritas
1151 1605 1392 1636 restitueretur,
1420 1608 1564 1630 suusuue
1595 1599 1677 1628 nitor

59 1651 258 1681 redderetur.
278 1652 325 1681 Ad
355 1652 650 1690 interpretationem
671 1653 755 1690 quod
779 1656 910 1691 spectat,
927 1652 1042 1682 Billius
1061 1653 1108 1682 vir
1126 1653 1295 1691 utriusque
1314 1652 1429 1688 lingme
1447 1648 1676 1688 peritissimus,

57 1701 198 1738 Gregorii
216 1701 317 1739 Opera
337 1704 396 1730 tam
415 1701 499 1737 felici
516 1710 666 1731 successu
682 1702 790 1731 Latine
810 1701 946 1731 reddidit
961 1705 1114 1740 tantoque
1130 1703 1213 1740 apud
1229 1710 1340 1732 omnes
1358 1700 1526 1730 inhonore
1544 1702 1591 1728 est
1607 1698 1676 1736 ejus

58 1751 293 1790 interpretatio,
312 1757 344 1781 ut
362 1750 551 1781 temerarius
568 1753 652 1779 certe
669 1750 838 1779 auditurus
855 1750 909 1784 sit,
927 1751 1075 1789 quisquis
1091 1759 1204 1781 novam
1224 1751 1378 1781 adornare
1396 1749 1575 1779 tentaverit.
1593 1747 1675 1778 Nihil

57 1807 162 1834 temen
181 1812 219 1833 co
235 1805 273 1833 de
293 1804 422 1833 Billiaua
442 1801 706 1840 interpretatione
730 1801 855 1839 judicio
883 1801 1056 1832 deterritus
1073 1806 1183 1833 noster
1200 1803 1400 1838 Louvardus‚
1418 1803 1511 1833 aliam
1531 1800 1592 1830 sibi
1610 1800 1676 1830 ela-

58 1853 230 1883 borandam
250 1856 424 1891 putaverat,
443 1857 473 1882 et
489 1852 522 1882 in
540 1851 703 1882 vertendis
725 1851 849 1881 duabus
869 1851 1084 1888 orationibus,
1103 1861 1216 1890 nempe
1235 1852 1336 1890 prima
1354 1856 1383 1882 et
1399 1851 1556 1885 secunda,
1577 1849 1618 1878 al.
1644 1849 1676 1878 1⁵

58 1908 88 1934 et
105 1904 170 1938 541⁰,
190 1903 233 1932 rei
255 1902 432 1940 periculum
450 1902 583 1932 fecerat:
597 1910 703 1931 verum
728 1904 845 1930 mutata
862 1901 1020 1931 sententia
1042 1901 1170 1939 incepto
1196 1901 1329 1938 destitit,
1345 1907 1375 1933 et
1394 1903 1557 1932 Billianam
1575 1901 1675 1931 inter-

58 1955 266 1993 pretationem
289 1962 416 1984 servare
435 1951 587 1982 decrevit.
614 1951 700 1981 ldem
725 1950 789 1980 fuit
808 1950 978 1980 consilium
1002 1955 1112 1981 nostro
1131 1952 1314 1982 Prudentio.
1341 1953 1512 1990 Utriusque
1532 1950 1675 1987 vestigiis

57 1998 261 2042 intumentes,
278 2015 346 2036 eam
374 2014 390 2034 e
420 2004 551 2042 regione
577 2002 674 2033 Graeci
695 2005 865 2032 contextus
889 2006 1004 2032 sartam
1032 2005 1146 2033 tectam
1173 2004 1392 2037 servavimus;
1421 2002 1492 2032 etsi
1510 2000 1638 2039 quando
1658 2008 1674 2028 a

57 2064 165 2089 mente
180 2058 324 2096 Gregorii
345 2056 479 2087 Billiana
496 2053 718 2092 interpretatio
748 2053 895 2084 aberrare
919 2057 973 2084 ant
994 2063 1064 2084 eam
1086 2063 1150 2085 non
1167 2056 1244 2085 satis
1271 2055 1398 2093 assequi
1417 2055 1483 2084 visa
1503 2056 1561 2088 est,
1578 2053 1671 2083 aliam

57 2109 160 2140 textui
177 2108 318 2138 inserere
335 2115 396 2136 non
416 2104 648 2139 dubitavimus,
669 2103 716 2133 vel
738 2104 767 2133 in
786 2104 869 2133 notis
891 2104 1062 2142 subjicere,
1091 2104 1240 2135 lectorem
1272 2107 1444 2136 monendo.
1462 2106 1493 2135 ld
1512 2108 1618 2135 autem
1636 2104 1674 2133 de

59 2159 262 2189 orationibus
280 2160 400 2187 tantum
418 2160 446 2185 et
467 2155 611 2194 epistolis
638 2155 906 2192 intelligendum:
926 2163 996 2185 nam
1023 2157 1063 2186 de
1084 2157 1281 2187 carminibus
1298 2158 1385 2188 aliud
1407 2157 1466 2188 suit
1484 2157 1671 2188 consilium.

54 2209 133 2239 Cum
151 2208 236 2237 enim
259 2206 365 2236 Latina
385 2206 467 2235 Billii
486 2205 624 2235 carmina
642 2205 757 2235 Grau-is
772 2205 917 2242 Gregorii
937 2206 1135 2236 carminibus
1152 2215 1215 2236 non
1231 2211 1309 2237 satis
1327 2209 1548 2245 respondeant,
1566 2206 1669 2235 visum

55 2264 102 2291 cst
115 2260 218 2289 Graeca
232 2258 368 2298 pedestri
382 2266 530 2288 sermone
547 2257 822 2293 reddere‚Latinis
836 2257 1075 2289 Biltiiversibus
1092 2253 1130 2288 ad
1150 2260 1324 2297 marginem
1338 2259 1520 2289 inferiorem
1534 2258 1671 2297 rejectis.

95 2311 284 2348 Priusquam
308 2313 412 2339 autem
442 2310 576 2339 ulterius
605 2310 857 2348 progrediamur,
879 2309 930 2339 hic
956 2310 1061 2340 obiter
1082 2312 1311 2349 exponendum
1330 2311 1464 2350 quinam
1490 2311 1555 2340 sint
1579 2317 1671 2340 manu

55 2362 172 2393 exarati
190 2361 326 2397 codices,
348 2359 455 2391 excusi
490 2369 506 2390 a
524 2361 559 2389 D.
575 2360 755 2396 Louvardo,
773 2360 892 2398 quibus
912 2360 961 2390 usi
979 2369 1104 2390 sumus.

167 2446 180 2480 ξ
202 2445 255 2474 lll.
281 2454 406 2473 sorim
429 2451 577 2471 vereximi
600 2451 755 2475 conicum,
780 2450 817 2470 An
842 2449 922 2476 ocos
947 2450 1097 2471 GttEGOtttt
1122 2451 1297 2472 onnioxas
1320 2451 1559 2472 anmantuus.

93 2518 250 2548 Plurimos
268 2523 295 2548 et
316 2518 446 2556 quidem
475 2517 708 2555 probatissimre.
735 2521 817 2547 notre
841 2516 967 2546 codices
996 2517 1028 2546 in
1057 2517 1229 2546 consilium
1258 2517 1480 2547 adhibuimus.
1503 2517 1566 2545 Hos
1588 2516 1669 2546 inter

53 2575 139 2598 uuus
155 2570 201 2597 est
217 2567 346 2604 Regius,
364 2568 439 2597 olim
458 2576 546 2596 num.
566 2567 654 2602 1809,
673 2575 758 2596 nnnc
780 2570 884 2596 autem
903 2575 991 2595 num.
1011 2565 1149 2595 510101a
1170 2567 1334 2604 republica
1354 2568 1502 2596 litteraria
1518 2566 1666 2595 famosis-

55 2618 168 2652 simus,
185 2619 240 2656 qui
259 2618 346 2648 solus
363 2627 379 2648 e
396 2618 568 2648 Gallicanis
586 2618 736 2648 omnibus
754 2624 883 2647 cunctas
897 2618 1040 2656 Gregorii
1058 2619 1219 2649 orationes
1234 2619 1385 2648 continet.
1403 2619 1446 2647 De
1463 2617 1667 2655 quoBillius:

55 2668 172 2703 «Tuli,
200 2669 318 2707 inquit,
353 2670 586 2709 amplissimum
607 2671 748 2701 codicem
775 2670 962 2709 capitalibus
991 2671 1104 2701 litteris
1135 2674 1448 2704 exaratum.in111u1n
1471 2670 1667 2708 antiquitatis

55 2728 117 2758 pra*
134 2728 166 2749 se
185 2719 352 2757 serentem,
370 2726 403 2752 ut
423 2723 526 2760 ipsius
543 2723 687 2761 Gregorii
707 2725 936 2762 propemodum
953 2727 1044 2753 :etate
1058 2724 1196 2762 scriptus
1209 2732 1278 2754 esse
1294 2723 1468 2755 videretur,
1485 2720 1539 2758 (tui
1557 2723 1667 2759 Psalle?

56 2772 206 2811 epistolas
223 2776 252 2803 et
268 2782 392 2812 versus,
411 2775 516 2806 onmia
534 2775 635 2815 ipsius
654 2775 758 2815 Opera
782 2776 978 2807 continebat.
998 2776 1098 2811 Quem
1119 2785 1190 2807 cum
1214 2775 1415 2815 paucissimis
1435 2774 1547 2805 diebus
1563 2774 1666 2804 incre-
