1838 3046
175 96 220 122 Η]
665 97 846 123 t’flAEffl'rto
866 97 1069 125 eliminatis.
1091 114 1122 117 —-
1142 99 1229 126 PARS
1249 99 1289 124 ill.
1738 98 1785 125 ΗΞ

456 163 459 184 t
474 162 491 182 ι)
508 155 563 180 Nou
580 155 659 181 totius
676 155 789 182 bominis
805 157 881 182 bonni
894 162 967 189 pater
981 162 1031 186 est,
1049 163 1077 183 ut
1089 158 1139 183 diei
1155 158 1229 187 solet.

421 211 424 216 .
456 191 508 215 Sed
525 195 625 215 tuntum
640 191 728 216 carnis
743 196 768 216 ct
783 192 928 224 sanguinis,
946 200 1057 223 ‹lum‘nm
1076 197 1218 225 utrumque

454 224 562 250 Peribit.
584 225 679 250 Anima
694 231 781 251 nutem
801 225 846 251 Dei
860 227 1052 258 omnipotentis
1067 229 1229 260 spiraculum
1248 233 1298 259 est,

455 260 626 286 Extrinsecus
647 259 766 286 incidens
780 260 805 286 in
821 265 947 286 terrestre
961 260 1126 293 figmentum.
1149 263 1226 289 Novit
1243 263 1286 295 qni
1303 263 1407 289 miscuit

452 295 588 326 Quomodo
606 295 719 328 primum
737 295 846 326 afflavit,
859 304 889 320 ac
911 297 1052 329 imaginem
1065 303 1143 324 terrac
1161 298 1280 324 miscuit.

799 350 960 380 Peccatum
988 353 1148 390 oriqt’nale.

209 399 368 436 Originale
388 404 547 437 peccatum
564 401 767 439 apertissime
784 403 976 430 contitetur:
1006 413 1018 428 <x
1041 403 1139 432 Totus
1182 403 1293 439 cecidi,
1326 402 1426 441 inquit
1442 400 1494 439 (b),
1528 403 1622 438 atque
1663 400 1703 430 ob
1722 402 1785 439 pri-

172 450 210 477 ini
231 448 369 478 nominis
391 451 639 480 inobedientiam
657 454 685 479 et
705 450 820 480 diaboli
837 450 980 480 fraudem
1001 452 1228 482 condemnatus
1246 461 1373 483 sum...
1390 451 1444 490 .(r)
1461 449 1732 486 Quemadmodum
1752 450 1782 479 ln

173 500 268 529 veteri
286 500 405 529 Adamo
422 502 535 530 mortni
553 510 676 535 sumus,
690 501 727 530 ita
743 501 773 530 in
788 500 911 531 Christo
925 502 1192 539 vivamus³¹3dum
1203 502 1352 532 nimirum
1362 510 1430 532 cum
1444 499 1782 534 Cliristoetnascimnr.

171 553 199 578 et
214 550 296 579 cruci
317 550 524 588 assiginmi·,tt
542 551 731 588 sepelimur,
749 554 775 580 et
800 552 1005 588 resurgimus.
1030 552 1160 582 Pulchra
1185 553 1268 582 enim
1292 553 1324 581 in
1349 551 1538 582 contrarium
1557 548 1689 579 mutatio
1707 548 1784 579 mihi

170 600 338 630 subeunda
355 606 413 636 est,
434 606 466 631 nt
483 602 754 639 (piennnlmodum
771 610 808 631 ex
825 602 974 632 secundis
991 603 1082 633 rebus
1100 603 1240 633 molestae
1258 604 1423 636 venerunt,
1440 601 1601 631 sicetiffln'
1616 609 1652 630 ex
1685 601 1784 630 mole-

170 652 507 689 sustaetoeeijncnmtm
524 652 661 681 redeant.
676 652 755 681 «Ubi
769 653 851 681 enini
869 653 1224 691 abundavitpeceatum,
1252 652 1522 691 superabundavit
1540 655 1570 681 et
1598 651 1696 689 gratia
1721 655 1782 680 δέ»

169 707 197 732 et
218 702 243 731 si
261 706 374 739 gustus
392 702 627 737 condemnavit,
648 703 881 740 quantomagis
895 702 1010 732 Cliristi
1042 704 1146 741 passio
1163 703 1378 742 justificavit?
1395 714 1409 730 ›>
1428 704 1544 732 Locum
1562 700 1645 730 hunc
1661 701 1782 730 exscri-

171 754 230 791 psit
246 754 447 791 Augustinus
465 752 483 780 Ι.
504 762 509 780 i
529 756 610 781 cont.
631 752 699 781 Jul.
719 761 745 782 c.
764 752 792 785 5,
810 762 838 789 p.
852 751 922 788 505,
945 758 1018 782 tom.
1036 753 1077 783 X,
1097 754 1266 791 'l'riplicem
1287 752 1482 782 nativitatem
1498 750 1682 789 Gregorius,
1703 750 1783 780 Scri-

171 806 331 839 pturarnm
362 802 559 837 auctoritate,
579 806 723 831 numerat
743 806 772 830 et
801 802 955 837 deceruit,
985 812 1119 841 quarum
1136 804 1206 833 duae
1225 805 1346 842 priores
1371 803 1481 832 vitium
1509 802 1642 840 originis
1662 806 1780 832 nostrae

167 851 347 886 ‹leelarant3
372 860 443 881 cnm
463 860 523 881 una
547 861 616 891 qna)
642 853 673 881 tit
695 861 748 890 per
767 861 900 889 corpus,
918 854 1042 884 servilis
1063 854 1103 883 sit
1122 857 1151 883 et
1170 853 1363 889 libidinosa;
1386 852 1481 882 altera
1509 860 1579 890 quae
1603 860 1658 890 per
1684 852 1785 889 bapti-

167 908 269 929 smum
288 901 379 929 nubis
403 902 575 935 csntl'ertur,
616 903 731 931 malum
754 902 862 940 primae
898 903 1068 932 nativitatis
1085 903 1256 941 depellere,
1289 906 1319 932 et
1348 901 1496 932 damnum
1527 901 1678 931 resarcire
1695 909 1783 931 mon-

167 956 294 981 stretur.
327 965 338 978 a
374 952 416 990 (d)
447 951 574 988 Tris-lex
613 951 788 981 nativitatis
821 960 921 990 genus
950 952 1093 990 agnoscit
1129 952 1304 991 Scriptura,
1337 952 1473 990 primum
1510 960 1547 980 ex
1573 951 1757 988 corporibus
1772 973 1780 986 ‚

166 1004 298 1032 alterum
334 1012 371 1032 ex
406 1003 560 1040 baptismo
576 1024 583 1037 ‚
619 1002 745 1032 tertium
781 1010 818 1031 ex
845 1002 1087 1032 resurrectione.
1119 1002 1239 1032 Horum
1271 1003 1408 1041 primum
1439 1004 1630 1031 nocturnum
1657 1006 1686 1031 et
1715 1010 1780 1032 ser-

168 1063 239 1083 vum
260 1059 318 1087 est,
335 1063 369 1083 ae
400 1062 469 1083 euni
503 1052 636 1082 libidine
670 1052 872 1091 conjunctum
906 1061 912 1079 :
943 1051 1075 1082 alterum
1107 1053 1255 1083 diurnum
1279 1056 1308 1082 et
1338 1051 1484 1086 liberum,
1512 1060 1546 1081 ac
1577 1051 1781 1089 depellenda-

166 1113 234 1134 rum
262 1105 446 1134 vitiosarum
475 1104 677 1133 affectionum
697 1104 758 1132 vim
780 1102 917 1138 liabens,
934 1111 1028 1132 omne
1045 1103 1087 1139 id,
1108 1103 1193 1142 quod
1212 1112 1228 1133 a
1253 1102 1416 1133 nativitate
1439 1104 1634 1132 contractum
1653 1105 1709 1136 est,
1732 1109 1782 1129 ve-

167 1158 267 1186 lamen
281 1159 460 1194 ampntans,
479 1159 507 1184 et
532 1155 567 1184 ad
589 1163 758 1192 supernam
781 1154 874 1184 vitam
893 1161 949 1182 nos
970 1161 1136 1188 revocans,
1159 1165 1171 1180 »
1192 1157 1258 1193 πρὸς
1279 1158 1328 1191 τὴν
1348 1157 1403 1183 ἅνω
1425 1156 1497 1191 ζωὴν
1520 1156 1708 1189 &nave-(oum.
1725 1152 1782 1180 Ra*

164 1207 215 1235 «lix
235 1211 336 1235 tamen
358 1205 473 1243 peccati
504 1205 659 1234 exstincta
687 1203 814 1240 penitus
854 1213 916 1233 non
963 1208 1020 1234 est.
1047 1216 1059 1231 «
1086 1205 1228 1240 Utinam,
1268 1204 1374 1243 inquit
1412 1204 1468 1243 (e),
1507 1203 1650 1234 funditus
1677 1212 1782 1242 pereuz

167 1256 290 1288 vitium,
308 1258 336 1284 et
359 1255 494 1292 primum
513 1254 599 1283 iltius
617 1262 739 1288 semen,
757 1262 790 1284 ac
807 1263 921 1292 pravus
939 1255 1012 1290 ille,
1031 1256 1087 1293 qui
1116 1255 1350 1284 dormientibus
1384 1254 1476 1284 nobis
1492 1254 1611 1284 zizania
1626 1262 1774 1292 superse-

165 1304 325 1335 rninavit³³
427 1305 498 1334 llaec
514 1304 607 1333 nobis
625 1303 746 1341 lignum
762 1304 839 1333 illud
860 1305 992 1340 invexit,
1012 1309 1041 1334 et
1065 1313 1191 1334 amarus
1219 1312 1305 1339 esuS,
1327 1307 1357 1335 et
1377 1303 1506 1333 invidus
1520 1313 1664 1342 serpens,
1685 1307 1714 1334 et
1732 1303 1782 1333 lex

166 1357 293 1391 violata,
314 1364 383 1393 quse
400 1356 491 1385 nobis
509 1354 587 1384 lianc
602 1363 726 1393 poenam
743 1356 906 1394 irrogavit,
921 1359 954 1385 ut
971 1356 1002 1385 in
1019 1356 1124 1386 vultus
1138 1356 1255 1386 sudore
1272 1355 1366 1385 nobis
1384 1355 1484 1385 victus
1497 1355 1536 1384 sit
1553 1354 1780 1392 parandnsw...

165 1407 187 1435 E
212 1406 356 1444 paradiso
385 1405 529 1443 dejectus
559 1414 642 1440 sum,
661 1408 754 1444 atque
768 1407 805 1437 ad
825 1412 936 1437 terram
950 1429 958 1443 ‚
976 1416 1013 1437 ex
1035 1415 1096 1446 qua
1120 1410 1302 1445 assumptus
1327 1405 1469 1441 fueram,
1491 1412 1622 1434 aversus
1645 1412 1733 1439 sum,
1752 1404 1783 1433 il

164 1464 263 1485 unum
292 1455 476 1484 deliciarum
505 1454 572 1484 loco
599 1455 731 1490 liabens,
749 1457 833 1495 quod
864 1457 1060 1487 calamitates
1087 1466 1171 1487 meas
1200 1458 1344 1495 cognitas
1372 1456 1503 1487 habeam
1521 1466 1528 1485 ε
1545 1458 1573 1484 et
1590 1463 1645 1494 pro
1666 1455 1782 1492 exigua

165 1506 337 1543 voluptate,
361 1509 513 1542 perpetuo
535 1514 666 1535 tltoet'Ol'e
687 1506 854 1536 damnatus
872 1515 942 1536 sum
961 1518 969 1544 ;
988 1516 1122 1545 eamque
1152 1516 1273 1545 poenam
1295 1507 1411 1546 pendo,
1431 1509 1464 1536 ut
1485 1506 1561 1536 milii
1581 1514 1652 1536 cum
1670 1514 1707 1536 eo
1725 1505 1782 1543 qui

164 1555 244 1584 male
268 1555 413 1584 inmeam
430 1555 599 1584 amit-itiam
619 1556 757 1593 irrepsit,
782 1566 815 1586 ae
833 1566 887 1595 per
912 1557 1034 1586 arboris
1058 1561 1185 1595 gustum
1202 1557 1235 1587 in
1254 1557 1396 1587 fraudem
1426 1565 1475 1586 me
1499 1555 1642 1590 induxit,
1660 1555 1781 1584 bellum

162 1614 272 1643 gerere
285 1605 325 1634 sit
345 1613 484 1634 necesse.
504 1605 585 1634 Hinc
599 1605 713 1635 factum
732 1610 828 1636 estut
853 1606 884 1635 in
914 1606 1023 1636 labore
1041 1610 1072 1636 et
1098 1615 1239 1636 aernmna
1264 1615 1388 1642 nascar,
1407 1610 1437 1637 et
1455 1606 1570 1642 vivam,
1591 1613 1625 1635 ac
1653 1605 1778 1635 moriar.

165 1656 244 1685 Hinc
260 1655 437 1692 indigentia
465 1659 533 1684 nata
547 1645 628 1690 ‘est3
646 1664 684 1685 ex
711 1656 885 1694 indigentia
905 1657 1062 1695 cupiditas
1090 1657 1245 1693 habendi,
1264 1666 1302 1687 ex
1319 1657 1492 1695 cupiditate
1518 1656 1613 1691 bella,
1631 1665 1669 1686 ex
1686 1656 1780 1686 bellis

165 1713 256 1743 porro
275 1704 402 1739 tributa,
425 1705 542 1743 quibus
560 1705 590 1734 in
609 1705 715 1735 divina
732 1707 999 1737 condemnatione
1018 1707 1095 1736 nihil
1114 1707 1242 1745 gravius
1260 1710 1307 1738 est
1328 1712 1358 1737 et
1377 1707 1564 1738 acerbius.»
1578 1707 1607 1736 S.
1627 1707 1781 1745 Augusti-

163 1765 234 1789 nus,
253 1755 398 1794 pluribus
416 1756 451 1785 ad
470 1756 717 1786 confirmandam
735 1757 828 1787 fidem
853 1757 1038 1787 catholicam
1063 1756 1193 1795 prolatis
1224 1757 1369 1796 Gregorii
1394 1756 1599 1793 testimoniis,
1617 1757 1663 1787 sic
1679 1757 1780 1787 Julia-

163 1814 237 1834 nnm
258 1805 432 1843 alloquitur
448 1806 482 1844 (s)
503 1815 509 1834 z
530 1818 542 1833 κ
560 1806 620 1836 Sed
639 1815 701 1836 non
721 1807 776 1837 tibi
792 1807 893 1837 deerit
912 1806 1016 1846 magni
1030 1806 1169 1837 nominis
1186 1811 1215 1837 et
1235 1807 1316 1837 sama
1334 1807 1542 1838 celeberrima
1558 1806 1696 1837 illustris
1712 1806 1780 1845 epi-

162 1863 276 1892 scopus
291 1856 383 1885 etiam
403 1859 441 1886 de
461 1857 605 1894 partibus
622 1856 773 1893 Orientis,
792 1859 882 1897 cujus
896 1858 1023 1897 eloquia
1047 1857 1186 1895 ingentis
1212 1858 1324 1888 merito
1342 1858 1460 1896 gratiae,
1478 1858 1573 1888 etiam
1590 1857 1622 1887 in
1639 1856 1776 1896 linguam

162 1908 303 1938 Latinam
328 1908 473 1938 translata
502 1915 735 1947 usquequaque
762 1907 955 1938 claruerunt.
973 1908 1085 1938 sedeat
1101 1917 1176 1946 ergo
1195 1917 1266 1939 cum
1284 1909 1351 1939 istis
1378 1907 1521 1947 patribus
1537 1907 1631 1937 etiam
1648 1910 1777 1938 sanctus

161 1959 344 1996 Gregorius,
363 1963 480 1988 etcum
500 1958 547 1988 eis
579 1962 638 1988 tuae
660 1959 894 1988 criminationis
920 1959 1045 1989 inanem
1065 1959 1198 1997 patiatur
1222 1959 1398 1989 invidiam:
1417 1958 1493 1988 dnm
1520 1961 1712 1988 tamencum
1730 1959 1776 1989 eis

161 2014 266 2040 contra
286 2011 435 2040 novitiam
455 2013 574 2047 pestem
594 2013 742 2044 vestram,
756 2009 976 2040 medicinalem
993 2010 1131 2048 proferat
1146 2014 1176 2040 et
1192 2010 1261 2049 ipse
1275 2010 1465 2041 sententiam
1478 2030 1485 2038 .
1498 2009 1588 2039 ..An
1607 2008 1663 2039 tibi
1680 2017 1776 2048 parva

161 2061 191 2088 in
211 2068 274 2089 uno
289 2059 442 2096 Gregorio
468 2060 691 2097 episcoporum
712 2059 920 2090 orientalium
946 2059 1073 2089 videtur
1088 2060 1259 2090 auctoritas
1277 2061 1291 2089 Τ
1309 2060 1364 2090 Est
1381 2059 1436 2099 qui
1451 2062 1511 2090 lem
1528 2063 1609 2090 tanta
1627 2069 1774 2099 persona,

160 2114 193 2140 ut
211 2119 312 2149 neque
333 2111 386 2140 ille
408 2111 466 2140 boc
484 2111 544 2140 nisi
564 2119 601 2139 ex
624 2110 684 2141 fide
705 2110 883 2140 Christiana
904 2110 1054 2140 omnibus
1068 2110 1235 2140 notissima
1251 2110 1382 2146 diceret,
1400 2111 1521 2140 necilli
1539 2119 1612 2140 eum
1633 2113 1692 2140 tam
1709 2110 1774 2141 cla-

159 2168 229 2190 rum
254 2160 403 2190 baberent
423 2165 517 2198 atque
548 2161 775 2194 venerandum,
797 2161 859 2190 nisi
884 2161 949 2192 lioec
978 2161 1015 2192 ab
1043 2160 1097 2190 illo
1120 2160 1202 2191 dicta
1228 2169 1265 2191 ex
1297 2161 1405 2200 regula
1430 2162 1607 2193 notissimae
1635 2163 1773 2194 veritatis

158 2216 378 2249 agnoscerent.
400 2223 412 2237 υ

695 2261 737 2290 De
761 2260 911 2299 baptismo
940 2264 966 2291 et
994 2262 1243 2300 confirmatione.

196 2314 391 2352 Baptisinuin
415 2311 731 2350 ap1›ettat«0mni11m
750 2311 806 2341 Dei
822 2311 1047 2342 beneficiorum
1067 2311 1344 2350 praeclarissimum
1363 2316 1394 2343 et
1409 2313 1704 2352 praestantissimum
1716 2313 1779 2353 (ms

156 2367 296 2400 Donum,
327 2365 429 2403 inquit
462 2364 514 2402 (lt),
545 2372 705 2400 vocamus,
723 2363 866 2401 gratiam,
888 2361 1091 2400 baptismum,
1133 2362 1331 2399 unctionem,
1362 2361 1645 2399 illuminationem,
1663 2364 1765 2394 incor⁴

157 2416 317 2455 ruptionis
346 2415 581 2449 indumentum,
599 2412 849 2451 regenerationis
879 2412 1036 2443 lavacrum
1053 2433 1060 2448 ,
1078 2411 1220 2450 sigillum
1236 2434 1243 2448 ,
1264 2421 1299 2443 ac
1327 2412 1469 2451 denique
1498 2413 1764 2444 excellentissim«

155 2465 270 2504 quovis
300 2465 427 2495 nomine
457 2463 664 2502 appellamus.
694 2463 817 2493 Donum
851 2463 980 2499 dicitur,
1011 2463 1084 2501 quia
1109 2462 1161 2498 iis,
1183 2463 1239 2501 qui
1259 2463 1345 2501 prius
1368 2463 1447 2493 ninii
1474 2464 1690 2499 contulerunt,
1714 2463 1765 2494 da=

155 2521 217 2546 tur.
259 2515 363 2544 Gratia
386 2536 394 2550 ,
425 2514 499 2552 quia
527 2513 621 2543 etiam
652 2512 853 2543 debentibus.
890 2513 1080 2552 Baptismus,
1115 2512 1189 2551 quia
1228 2517 1390 2552 peccatum
1422 2513 1456 2544 in
1496 2523 1576 2554 aqua
1607 2514 1765 2553 sepelitur.

190 2598 210 2611 ³¹
228 2597 236 2623 l
256 2596 319 2624 Cor.
334 2604 377 2627 xv,
395 2596 438 2622 222.
473 2596 494 2610 ³²
510 2595 585 2621 Rom.
601 2602 626 2626 v,
638 2595 683 2620 ΞΟ.
722 2595 743 2609 ³²
755 2594 847 2621 Mattli.
868 2603 925 2627 xm,
942 2595 987 2621 ⁶25.
1027 2595 1048 2614 ³⁶
1064 2594 1131 2621 Gen.
1148 2602 1188 2627 in,
1207 2596 1247 2622 19.

188 2676 225 2743 ἔῃ
237 2674 455 2735 ῧθΓτιιὲὂὶιιυιιιιὶιὲ-ξ.
472 2674 554 2707 N'irg„
569 2681 595 2699 v.
610 2672 660 2699 59⁶.)
678 2677 702 2699 et
719 2680 773 2707 seq.
991 2713 1008 2734 ι.
1025 2672 1056 2733 (xs)
1073 2672 1100 2699 S.
1117 2673 1242 2707 August„
1259 2673 1276 2699 l.
1296 2681 1303 2699 ι
1331 2679 1398 2701 conl.
1418 2674 1472 2701 Jul.
1486 2694 1493 2707 ,
1508 2681 1568 2709 pag.
1583 2673 1634 2701 504
1659 2677 1685 2702 et.
1700 2672 1767 2705 505,

188 2748 221 2776 (c)
242 2745 287 2770 Or.
301 2744 344 2774 538,
364 2752 390 2770 n.
407 2746 433 2769 la.
1025 2743 1061 2775 (9)
1078 2741 1124 2768 Or.
1138 2742 1182 2773 40,
1200 2751 1226 2768 n.
1244 2743 1270 2769 3.

189 2781 225 2813 (tl)
243 2780 287 2804 ()r.
303 2779 346 2809 sit),
366 2787 390 2804 n.
403 2780 428 2803 2.
1027 2778 1062 2811 (h)
1079 2777 1156 2809 ibid„
1175 2786 1200 2804 n.
1214 2778 1240 2808 3,
1257 2777 1284 2803 st.

187 2816 221 2849 (e)
235 2815 280 2841 Or.
294 2813 334 2843 lt),
355 2822 380 2839 n.
394 2814 433 2839 Η.
