1838 3046
204 85 252 111 tao
848 81 926 107 Vtra
948 80 975 107 S.
995 81 1166 108 GttEGOtttt.

1763 83 1830 110 21ιο-

203 142 274 174 pales
291 147 385 169 curas,
404 143 500 172 prseter
519 138 601 172 ipsius
615 138 789 167 voluntatem,
807 137 981 170 conjecisset:
998 142 1017 167 Λ
1035 138 1097 163 (ltu.
1120 138 1257 171 (livam-ins
1276 141 1306 165 tle
1320 140 1459 165 solitudine
1476 145 1609 166 revocatus
1626 149 1640 166 a
1657 146 1739 172 patre,
1762 142 1814 168 Ba-

203 192 228 212 ct
257 187 326 220 quod
353 185 440 211 minus
466 184 638 210 excusatione
666 184 774 217 dignum
799 188 867 214 crat,
898 185 983 209 virum

203 232 300 264 pietate
316 235 342 256 et
355 231 504 264 eloquentia
527 230 658 264 insignem
673 250 679 259 ,
697 229 743 262 qui
764 229 891 255 Ecclesiae
907 237 983 264 egre-

204 278 272 310 giam
303 277 368 303 dare
395 284 502 310 operam
530 280 654 310 poterat,
708 275 734 301 in
762 274 984 301 obscurissimum

204 323 327 357 angulum
354 330 384 349 ac
414 323 539 349 omnibus
568 323 629 348 ritae
651 321 802 348 commodis
826 320 983 346 destitutum

204 369 357 402 relegasset.
384 368 553 403 Objiricbant
573 368 616 394 alii
643 368 713 393 aliud
732 367 884 401 quidpiam,
908 371 986 400 prout

204 414 245 440 vel
263 414 381 440 moribus
407 414 666 447 comparauerant,
692 412 733 439 vel
760 412 881 446 Gregorii
908 420 985 439 causa

205 461 389 487 irascebantur
405 469 410 485 :
431 469 438 484 ‹
452 459 637 493 benignissimi
657 463 768 489 auteur»
786 458 886 492 quique
902 457 987 492 neglc-

204 511 274 532 ctum
290 511 315 531 et
331 510 512 538 contemptum
529 512 541 529 a
561 503 661 529 Basilio
678 502 760 528 fuisse
773 502 942 535 Gregorium,
961 507 987 528 et

204 557 346 586 postquam
362 552 445 585 ipsius
461 558 542 584 opera
558 558 622 576 usus
636 550 732 580 suerat,
746 549 829 575 veluti
848 557 894 575 vas
909 550 988 583 quod-

204 597 263 622 dam
281 596 395 629 ignobile
414 594 571 628 projectum.
590 594 711 620 Declarat
726 593 872 626 Gregorius
886 594 926 627 (a)
956 602 985 620 se

204 650 276 668 arma
292 642 359 667 serre
377 649 426 666 non
446 648 535 674 posse,
548 644 573 665 et
594 648 602 663 ι
619 646 666 673 pro
679 638 839 665 lactentibus
855 643 880 664 et
894 638 985 665 avibus

205 694 329 722 tanquam
353 695 401 720 pro
425 686 568 712 animabus
591 689 618 711 et
642 684 793 710 canonibus
810 684 960 718 digladiari.
975 695 983 709 t>

204 736 289 769 Rogat
309 738 336 760 ut
361 735 418 767 ipse
435 741 494 759 cum
511 733 641 759 Antliimo
657 732 755 758 bellum
776 736 860 765 gerat,
885 739 917 758 ae
937 732 987 758 sibi

205 780 324 806 munium
347 788 436 806 rernm
453 780 511 805 loco
531 779 648 812 quietem
667 778 807 804 concedat.
823 777 934 803 Demum
948 777 988 802 bis

1088 174 1147 199 silio
1162 175 1285 206 instante,
1301 182 1386 199 rorum
1398 181 1504 209 utroque
1516 175 1592 201 habet
1606 176 1760 203 orationem.

1072 230 1091 256 E
1107 231 1260 263 solitudine,
1274 231 1298 256 in
1315 238 1394 263 qnam
1407 239 1435 255 se
1450 235 1510 264 post
1526 232 1723 258 ordinationem
1740 240 1814 260 rece-

1036 281 1111 310 pcrat
1126 276 1282 309 Gregorius,
1308 277 1361 303 cito
1379 281 1511 303 retractus
1525 282 1564 303 est
1574 277 1684 310 jubente
1699 282 1776 312 patre
1788 285 1815 306 et

1036 322 1152 349 instante
1166 323 1280 354 13:1511503
1303 328 1465 357 quapropter
1486 323 1511 349 in
1532 324 1652 350 oratioue
1673 324 1719 360 (e),
1734 333 1813 359 quam

1036 373 1096 401 post
1115 368 1227 394 reditum
1248 376 1337 395 eoram
1352 374 1467 403 utroque
1481 369 1584 401 habuit,
1600 377 1632 396 eo
1646 371 1728 397 utitur
1740 378 1813 398 exor-

1037 414 1080 439 dio
1101 423 1106 439 :
1126 413 1216 440 ‹Niliil
1236 419 1372 442 senectute
1387 415 1490 447 fortius,
1513 415 1579 441 niliil
1600 415 1718 442 amicitia
1738 424 1814 444 vene-

1038 458 1155 485 rabilius.
1172 459 1211 485 Ab
1225 459 1267 485 liis
1282 467 1329 493 ego
1343 460 1374 485 ad
1391 467 1436 485 vos
1459 460 1554 486 ductus
1572 467 1630 486 sum
1645 479 1652 492 ‚
1670 460 1773 487 vinctus
1787 461 1812 487 in

1038 502 1155 535 Christo,
1181 511 1232 530 non
1246 503 1342 531 ferreis
1355 504 1465 537 catenis,
1481 504 1527 531 scd
1542 504 1718 531 tenacissimis
1732 504 1816 539 Spiri-

1039 553 1080 574 tus
1102 548 1215 575 rinculIs
1233 550 1404 576 constrictus.
1423 559 1432 575 )
1461 550 1589 576 Alicundc
1613 558 1642 577 se
1661 551 1753 577 venire
1776 550 1817 577 his

1038 595 1126 620 verbis
1144 595 1261 620 decl-'irat
1278 595 1443 629 Gregorius3
1467 596 1579 630 proinde
1594 597 1650 623 lucc
1665 596 1750 623 oratio
1763 604 1815 622 non

1039 640 1127 666 statim
1141 646 1201 674 post
1217 641 1423 674 ordinationem,
1438 647 1466 668 ut
1481 642 1566 668 risum
1580 647 1620 669 cst
1638 641 1815 673 Tillemontio‚

1040 685 1139 717 habita,
1158 685 1203 711 scd
1221 691 1282 720 post
1303 687 1416 712 reditum
1434 694 1465 713 ex
1483 686 1555 721 suga.
1582 687 1681 713 Deinde
1698 687 1770 713 addit
1785 693 1814 712 se
1834 686 1837 689 '

1040 736 1116 757 antea
1132 732 1190 757 aliis
1205 732 1292 758 onmia
1314 732 1469 766 reliquisse,
1490 738 1518 758 ut
1538 740 1629 760 secum
1648 733 1819 767 philosopha-

1041 781 1122 809 retur,
1139 782 1166 803 et
1181 777 1244 804 Eliae
1258 777 1410 805 Carmelum
1427 786 1457 805 ac
1471 778 1582 805 Joannis
1597 778 1731 805 desertum
1745 779 1817 811 cogi-

204 827 302 858 rerbis,
322 834 380 860 qua}
396 825 454 859 ejus
473 825 591 851 dolorem
612 823 728 850 maxime
745 823 876 854 indicant,
892 823 987 857 episto·
1004 815 1023 841 B
1040 826 1125 853 tasse;
1145 823 1215 857 quod
1229 823 1253 849 ei
1276 824 1364 850 dicere
1382 831 1433 850 non
1452 824 1529 850 licuit
1548 831 1600 857 quo
1619 824 1660 851 die
1679 824 1817 851 ordinatus

205 873 256 898 lam
279 872 399 898 claudit:
420 881 427 895 ι
445 871 574 903 Quocirca
597 874 623 895 tu
651 869 758 903 quidem
785 863 900 895 viriliter
927 876 986 902 age,

203 923 229 944 et
254 918 418 949 confortare,
439 917 582 950 omniaque
606 916 638 942 ad
666 921 738 942 tuam
761 915 845 949 ipsius
864 915 987 949 gloriam,

203 963 426 997 quemadmodum
447 963 518 988 tlurii
538 966 687 992 torrentes,
706 962 800 992 tratie;
822 968 870 987 nec
895 960 989 987 amici-

205 1015 278 1039 tiam,
307 1016 356 1034 nec
385 1009 446 1034 rita:
477 1008 698 1034 consuetudinem
725 1011 751 1033 ct
778 1006 988 1032 familiaritatem

204 1054 306 1080 virtute
323 1061 353 1079 ac
366 1053 466 1087 pietate
482 1053 615 1087 potiorem
632 1053 743 1084 liabens,
760 1060 808 1078 nec
827 1059 885 1085 qua:
900 1051 988 1077 exitis

205 1098 282 1124 rebus
300 1098 438 1124 hominum
464 1099 496 1125 de
519 1102 543 1124 te
567 1098 657 1131 opinio
672 1097 760 1123 sutura
776 1098 821 1128 sit,
844 1097 988 1132 quidqussm

204 1151 311 1176 curans,
331 1151 377 1170 seu
393 1144 437 1169 uui
454 1143 584 1169 duntaxat
609 1149 633 1169 te
655 1142 766 1176 Spiritui
781 1143 919 1170 addicens.
936 1142 990 1169 Nos

203 1190 314 1216 veroid
339 1190 471 1215 duntaxat
496 1190 561 1215 lucri
579 1197 609 1215 ex
628 1190 746 1216 amicitia
775 1194 817 1215 tua
843 1190 988 1224 capiemus,

205 1234 337 1261 utamicis
350 1235 461 1269 posthac
479 1235 588 1261 minime
605 1235 729 1266 fidamus,
756 1241 805 1260 nec
831 1235 884 1261 Deo
910 1235 989 1268 quid«

204 1289 283 1315 quam
304 1282 488 1315 pneseramus.
507 1290 516 1306 ›
549 1280 623 1307 lIaml
642 1281 765 1314 equidem
781 1281 939 1307 crediderim
959 1289 989 1308 ea

205 1327 350 1361 ingessisse
364 1327 488 1353 Basiliam
499 1327 650 1359 maledicta,
661 1335 718 1361 qum
727 1327 861 1361 prioribus
872 1328 990 1361 epistola:

204 1373 293 1399 verbis
312 1374 501 1404 continentum
522 1374 568 1399 sed
585 1381 616 1400 ea
636 1382 668 1400 ex
687 1374 743 1407 ejus
763 1373 842 1400 dicus
858 1375 986 1407 consequi

205 1417 350 1451 Gregorius
365 1425 418 1451 prae
438 1418 520 1444 nimio
541 1419 633 1445 dolore
650 1419 826 1444 existimavit.
855 1419 989 1452 Scriptum

206 1464 275 1489 lianc
290 1463 441 1497 epistolam,
456 1471 508 1490 non
523 1468 626 1503 taut-tim
641 1470 701 1498 post
716 1464 925 1495 ordinationem,
941 1464 987 1490 sed

206 1509 285 1535 etiam
301 1513 360 1542 post
378 1508 468 1543 sugam
485 1509 546 1535 inde
562 1512 645 1542 patet,
670 1509 740 1542 quod
754 1508 901 1543 Gregorius
916 1508 990 1534 siau-

207 1555 265 1581 dem
285 1555 334 1581 sibi
356 1555 453 1581 saetam
479 1561 507 1580 sc
528 1554 646 1580 sensisse
671 1555 752 1585 dicat,
774 1560 854 1587 atque
872 1553 990 1580 omnium

209 1608 297 1627 rerum
314 1600 373 1627 loco
387 1601 503 1634 quietem
522 1601 571 1628 sibi
588 1610 601 1626 a
618 1600 718 1627 Basilio
732 1600 842 1626 concedi
864 1599 989 1633 postulet.

207 1646 264 1680 lpsa
282 1647 361 1672 etiam
378 1646 534 1677 maledicta,
561 1647 658 1680 quibus
686 1654 714 1672 se
736 1646 848 1680 petitum
867 1653 880 1671 a
895 1645 991 1671 Basilio

208 1692 341 1725 queritur,
359 1700 418 1718 eum
434 1691 488 1725 jam
507 1692 608 1726 fugisse
623 1691 747 1725 probant.
767 1692 873 1724 Scripta
887 1697 992 1724 quoque

209 1738 234 1762 in
257 1745 363 1764 secessu
387 1737 498 1770 epistola
522 1737 657 1763 tricesima
681 1737 798 1762 secunda
821 1736 868 1770 (b),
892 1736 917 1761 in
940 1744 991 1768 qna

209 1784 362 1816 indignatur
384 1783 530 1817 Gregorius
552 1790 579 1809 se
597 1783 701 1809 inerti-te
722 1783 844 1808 accusari
864 1782 925 1816 quia
941 1781 991 1807 Sa-

210 1831 279 1856 sima
300 1838 351 1855 non
371 1835 485 1863 accepit,
507 1830 561 1856 otio
578 1834 603 1856 et
622 1830 712 1864 quiete
730 1829 808 1855 unice
831 1836 860 1855 se
883 1828 992 1862 gloriari

209 1876 359 1910 profitetur.

247 1945 318 1970 luter
335 1944 390 1970 benc
405 1943 491 1977 jurgia
506 1943 633 1977 scriptam
649 1943 796 1969 arbitratur
808 1942 992 1970 Tillemontius

209 1990 350 2024 epistolam
372 1990 496 2024 Gregorii
515 1990 547 2016 ad
566 1988 723 2015 Nicobulum
748 1990 800 2022 (c)·,
827 1990 873 2015 scd
898 1990 992 2016 imme-

211 2037 271 2062 rito.
284 2036 390 2062 Mittens
404 2035 551 2069 Gregorius
564 2033 694 2060 Nicobulo
711 2034 812 2060 litteras
827 2035 916 2061 Basilii
932 2042 991 2061 cuni

211 2083 279 2114 suis,
298 2082 339 2107 liis
354 2088 414 2115 qua':
433 2081 525 2107 Basilii
537 2085 616 2107 erant
632 2080 721 2114 priore
736 2080 793 2106 loeo
810 2081 913 2114 positis,
930 2089 993 2107 suas

210 2127 358 2160 subjunxit,
385 2133 443 2152 sese
465 2126 574 2159 quidem
598 2133 659 2151 cunt
678 2124 776 2151 Basilio
802 2126 901 2159 ubique
929 2134 993 2153 cou-

208 2173 284 2207 jungi
300 2172 399 2202 volens,
416 2172 535 2198 sedeunt
553 2172 602 2198 sibi
618 2176 791 2205 anteponens.
819 2171 904 2198 Minus
921 2172 991 2199 vitie-
1009 2162 1029 2187 D

212 2225 253 2244 tur
268 2218 432 2244 intellexisse
447 2217 634 2243 Tillemontins
653 2217 690 2251 (ct)
710 2218 765 2243 baec
783 2218 860 2243 verba
879 2226 884 2243 :
902 2227 910 2242 ι
926 2218 991 2244 Cum

213 2263 340 2290 Basilium
355 2263 478 2298 Magnum
496 2263 560 2289 mibi
578 2270 684 2296 semper
700 2263 873 2297 praftulcriin,
888 2264 992 2290 tametsi

212 2309 247 2334 illi
270 2308 433 2336 contrarium
456 2307 577 2334 viaeatur
601 2312 678 2333 :tuni
707 2315 775 2333 nunc
797 2315 901 2341 qnoque
925 2315 991 2341 pra}-

212 2355 278 2387 sero,
293 2364 301 2380 ι
328 2359 391 2387 etc.,
406 2354 431 2380 id
446 2357 504 2385 est,
524 2353 609 2387 inquit
628 2353 728 2385 Billins,
749 2362 757 2374 r
772 2353 877 2379 ⁴·unctsi
893 2353 936 2378 illc
950 2360 992 2379 me

213 2402 264 2428 sibi
280 2400 421 2427 anteferat.
436 2410 444 2425 ι
461 2400 517 2425 Νοιι
534 2399 604 2425 enini
620 2399 676 2424 baec
688 2398 767 2425 verba
785 2398 820 2424 ita
835 2398 989 2431 accipienda

212 2451 282 2478 sunt,
301 2445 375 2480 quasi
391 2445 518 2471 Basilium
542 2444 678 2471 existimet
698 2444 844 2477 Gregorius
866 2444 923 2477 plus
940 2443 989 2469 sibi

213 2492 329 2518 tribucre
342 2498 421 2525 quam
439 2490 499 2523 ipsi.

246 2590 268 2605 ⁵⁵
281 2589 350 2616 Psal.
375 2596 469 2620 xxxin,
483 2589 508 2614 2'1.
548 2588 569 2602 ‘⁰
586 2587 656 2614 Psal.
673 2594 766 2619 Lxxri,
783 2587 807 2612 5.

248 2691 284 2723 (tr)
306 2691 390 2724 Epist.
406 2690 440 2715 al.
462 2690 505 2717 51.

249 2728 284 2757 (tr)
301 2726 348 2758 Ep.
365 2725 397 2751 al.
413 2726 456 2751 32.

248 2761 282 2793 (c)
300 2761 346 2791 Ep.
363 2761 395 2785 ai.
412 2762 438 2785 2.

249 2798 285 2825 (dt
310 2796 338 2820 ΙΝ
354 2795 424 2826 Hah,
448 2805 471 2829 p⁴
492 2795 547 2820 173),

1039 867 1087 894 suit
1101 867 1267 895 Sasimorum
1285 868 1438 903 episcopus,
1454 870 1475 896 si
1494 869 1600 904 quidem
1626 870 1694 897 lianc
1708 869 1818 897 ordina-

1040 915 1137 941 tionem
1153 922 1204 941 non
1219 915 1347 947 solitudo,
1362 916 1408 941 sed
1421 915 1559 949 impensus
1573 915 1725 950 injuvando
1743 921 1817 949 patre

1039 961 1180 987 sacerdotii
1202 961 1277 987 labor
1297 961 1456 988 subsecutus
1480 966 1532 988 eu.
1555 961 1688 989 Praeterea
1713 963 1820 990 disertis

1013 1041 1019 1049 .
1040 1006 1128 1031 verbis
1147 1006 1330 1037 solitudinem,
1353 1007 1379 1032 iu
1395 1015 1474 1041 quam
1492 1015 1521 1035 se
1541 1012 1692 1042 receperat,
1712 1007 1820 1040 indicat,

1040 1058 1099 1076 eum
1114 1051 1150 1077 ait
1166 1051 1203 1086 (s)
1219 1059 1258 1083 se,
1279 1061 1287 1076 ι
1304 1060 1336 1079 ne
1352 1053 1392 1080 liis
1408 1054 1514 1088 quidem
1530 1054 1571 1080 sui
1589 1053 1780 1080 amantissimis
1792 1060 1823 1080 ae

1040 1096 1168 1124 fratribus
1193 1105 1332 1125 sermones
1360 1100 1498 1133 impertire
1524 1101 1704 1130 sustinuisse,
1737 1105 1765 1126 ut.
1790 1099 1822 1126 ab

1040 1143 1111 1169 omni
1145 1145 1252 1177 negotio
1284 1144 1396 1171 feriatus
1429 1153 1520 1171 seeum
1553 1145 1794 1179 philosopharetur.
1811 1154 1819 1169 ι

1041 1188 1107 1220 Quid
1129 1189 1223 1222 plura?
1239 1189 1369 1215 Rccantat
1388 1189 1424 1223 (ῃ)
1450 1189 1577 1223 quidquid
1599 1193 1660 1223 post
1678 1188 1823 1215 ordinatio-

1041 1240 1100 1258 nem
1116 1241 1169 1266 prio
1184 1231 1274 1259 dolore
1290 1234 1315 1259 in
1332 1234 1458 1259 Basiliam
1476 1235 1594 1268 asperius
1609 1235 1729 1260 dixerat:
1746 1243 1754 1258 ι
1766 1233 1822 1260 lam

1041 1279 1110 1304 cuim
1128 1279 1192 1304 iram
1207 1279 1314 1313 abjicio,
1332 1281 1440 1305 (italiam
1459 1281 1584 1306 ›nanstteli
1600 1287 1621 1306 ct
1643 1281 1763 1306 loetentur
1783 1280 1822 1312 ⁶';

1042 1331 1203 1357 manumque
1231 1324 1309 1356 lianc,
1338 1333 1397 1358 qua*
1419 1325 1485 1351 mibi
1510 1326 1561 1351 vim
1592 1325 1695 1356 attulit,
1723 1324 1824 1358 placido

1042 1368 1114 1394 vultu
1131 1370 1281 1402 conspicio,
1300 1377 1331 1396 ac
1345 1370 1459 1404 Spiritui
1476 1371 1601 1404 arrideo,
1621 1371 1740 1405 miliique
1754 1379 1825 1397 coin-

1043 1420 1142 1441 motum
1165 1421 1254 1450 pectus
1275 1416 1396 1447 sedatur,
1415 1417 1538 1451 reditque
1563 1418 1645 1450 rati0;
1663 1423 1744 1451 atque
1759 1417 1825 1444 ami-

1042 1461 1113 1493 citia,
1129 1462 1212 1487 instar
1228 1462 1340 1488 flammae
1355 1464 1500 1497 consopita„¹
1515 1469 1541 1489 et
1560 1463 1712 1495 exstinctio,
1729 1471 1821 1490 rursus

1044 1514 1075 1532 ex
1090 1514 1174 1540 parvo
1197 1508 1316 1541 igniculo
1334 1509 1471 1536 reviviscit
1485 1514 1511 1536 et
1526 1510 1670 1536 excitatur.
1687 1509 1824 1536 Renuerat

1042 1551 1174 1578 consolari
1202 1553 1291 1579 anima
1311 1560 1381 1585 mea,
1406 1559 1432 1580 et
1453 1555 1587 1582 anxietate
1612 1555 1777 1582 alliciebatur
1798 1556 1824 1582 in

1043 1604 1085 1623 me
1102 1597 1211 1629 spiritus
1231 1605 1305 1625 meus
1323 1599 1354 1625 ⁶⁵.
1380 1598 1450 1631 Dixi,
1475 1608 1610 1633 nunqnam
1638 1601 1661 1626 in
1687 1605 1821 1633 posterum

1042 1642 1166 1669 amicitia·
1187 1643 1264 1669 tidem
1285 1644 1420 1670 habebo.»
1447 1644 1522 1671 Nulla
1542 1653 1606 1672 sane
1628 1651 1689 1672 ante
1712 1647 1820 1672 ordina-

1044 1688 1140 1714 tionem
1161 1689 1241 1723 jurgii
1265 1697 1343 1716 causa
1368 1690 1494 1717 Basilinm
1513 1691 1582 1717 inter
1600 1696 1627 1717 et
1655 1691 1812 1726 Gregorium

1044 1735 1159 1764 exstitit3
1185 1735 1239 1760 sola
1266 1735 1399 1761 ordinatio
1427 1736 1499 1762 rixas
1520 1737 1601 1763 movit
1618 1745 1625 1764 ς
1643 1737 1699 1764 ltaec
1724 1738 1815 1768 verba,

1044 1787 1102 1812 quse
1132 1780 1232 1806 fatetur
1258 1787 1286 1805 se
1308 1781 1407 1807 dixisse
1427 1780 1581 1814 Gregorius,
1608 1789 1763 1816 «nunquam
1795 1782 1820 1808 in

1045 1830 1179 1858 posterum
1196 1826 1320 1852 amicitia:
1333 1827 1410 1853 tidem
1425 1827 1537 1858 habebo,
1553 1836 1562 1852 ι
1585 1827 1709 1861 leguntur
1723 1828 1755 1854 ad
1768 1827 1823 1854 cal-

1044 1879 1101 1897 rem
1117 1871 1236 1905 epistolae
1249 1872 1390 1899 tricesimae
1405 1873 1509 1906 primae,
1525 1880 1604 1907 quam
1617 1878 1675 1907 post
1693 1873 1824 1905 abjectum

1045 1917 1166 1950 regendae
1197 1916 1364 1944 Sasimorum
1385 1917 1512 1944 Ecclesiae
1538 1918 1677 1944 consilium
1707 1919 1822 1951 scripsit.

1044 1964 1107 1994 Quae
1120 1962 1227 1996 quidem
1242 1963 1341 1996 omnia,
1358 1964 1507 1989 orationem
1521 1972 1591 1990 niuic
1606 1964 1735 1990 decimam
1751 1963 1810 1990 liabi

1045 2013 1096 2031 mvn
1113 2016 1163 2033 non
1186 2007 1268 2034 fnisse
1282 2013 1342 2041 post
1359 2008 1566 2039 ordinationem,
1587 2008 1632 2034 scd
1651 2013 1791 2042 postquam
1809 2017 1824 2035 e

1045 2054 1103 2087 saga
1123 2054 1199 2079 rediit
1213 2053 1369 2087 Gregorius,
1389 2055 1526 2080 manileste
1542 2055 1737 2081 demonstrant.

1044 2127 1109 2155 (ΣΝ.
1132 2128 1270 2162 messor-ins
1294 2130 1319 2155 iu
1346 2131 1462 2155 oratione
1481 2138 1528 2155 sua
1550 2135 1675 2156 inritatum
1691 2139 1718 2156 se
1741 2131 1822 2164 profi-

1079 2168 1156 2189 ινιιικ.
1182 2166 1318 2190 timuimus
1334 2165 1359 2189 in
1374 2173 1435 2190 auus
1453 2170 1537 2198 partes
1551 2165 1702 2199 Greqorium
1721 2171 1822 2199 peltru-

1081 2200 1139 2225 Ιιενο
1151 2200 1249 2232 frustra
1263 2205 1382 2226 conatur.

1080 2256 1107 2282 1ιι
1131 2255 1161 2282 ca
1182 2256 1302 2283 oratione
1324 2256 1454 2283 sinceram
1485 2256 1658 2282 mutationem
1684 2257 1822 2290 profitetur

1045 2302 1202 2336 Gregorius,
1223 2307 1333 2336 rataque
1348 2303 1436 2328 omnia
1455 2303 1544 2333 babet,
1560 2310 1589 2328 ac
1607 2301 1711 2328 tandem
1727 2302 1821 2329 Eccle-

1045 2351 1091 2375 sia}
1102 2349 1151 2375 sibi
1161 2349 1309 2375 commissa)
1320 2348 1499 2382 gubernacula
1509 2355 1650 2380 capcsccre
1665 2348 1689 2373 in
1705 2347 1820 2373 animum

1044 2395 1149 2421 videtur
1164 2394 1313 2420 induxisse,
1327 2394 1419 2426 ltaque
1440 2393 1542 2419 Sasima
1559 2394 1596 2418 ire
1613 2393 1761 2425 constituit,
1777 2393 1821 2419 sed

1045 2442 1197 2474 priusquam
1215 2442 1247 2467 ad
1265 2441 1314 2466 iter
1327 2447 1355 2467 se
1365 2440 1527 2473 accingeret,
1547 2439 1649 2469 Doaris,
1669 2442 1728 2472 quai
1743 2446 1816 2464 novat

1044 2486 1217 2520 cappadociae
1235 2486 1328 2513 civitas
1348 2490 1423 2518 erat,
1440 2485 1572 2512 Eulalium
1590 2485 1745 2519 episcopum
1771 2492 1819 2510 una

1079 2688 1112 2718 (e)
1134 2685 1179 2711 Or.
1204 2685 1244 2715 ¹0,
1266 2684 1331 2711 n.1.

1079 2722 1116 2751 (ι’)
1138 2719 1201 2745 illiti.

1079 2760 1113 2788 ty)
1135 2756 1209 2785 llud..
1229 2763 1254 2781 n.
1272 2755 1299 2782 2.
