1838 3046
175 109 228 137 459
664 112 847 141 PRAEFATIO
865 114 1068 142 GENERMJS.
1090 129 1121 133 -
1144 111 1233 140 Paris
1253 110 1296 139 ΙΙΙ.
1746 109 1797 139 tto

175 169 288 206 gorius
305 167 357 206 (a),
377 170 468 206 tauto
484 174 555 201 ante
577 173 780 202 tentationem
795 173 969 212 jejunavit3
1000 181 1058 202 nos
1074 176 1143 202 ante
1161 171 1316 202 Pascha...
1330 170 1385 202 lile
1404 174 1486 201 totos
1503 172 1709 210 quadraginta
1729 172 1797 202 dies

173 229 190 251 a
211 221 280 250 cibo
307 220 472 254 abstinuit,
492 226 599 259 utpote
624 223 724 255 Deus;
751 232 807 253 nos
835 228 940 253 autem
965 223 1001 252 nd
1029 222 1144 252 virium
1171 228 1347 254 nostrerum
1377 221 1541 252 modulum
1559 222 1726 260 ijejunium
1753 227 1798 252 at-

176 269 439 307 temperavimns,
458 271 579 300 etiamsi
601 273 742 310 qni-lam,
761 273 827 302 zelo
847 272 990 310 impulsi,
1013 271 1092 301 ultra
1110 273 1226 302 virium
1258 274 1437 303 facultatem
1466 273 1498 302 in
1512 273 1687 311 jejunando
1726 283 1797 311 pro-

181 321 333 351 sitiant.»
353 321 413 356 Qui
440 330 524 350 saera
550 321 670 360 jejunia
697 330 758 351 non
782 322 995 356 celebrabant,
1016 321 1238 358 arguebantur.
1270 321 1318 350 Sic
1342 321 1515 358 Gregorius
1543 321 1657 350 aeriter
1687 320 1797 359 praise-

180 375 275 404 «tum,
297 371 338 400 ol)
356 370 499 400 violatam
515 372 627 409 jejunii
659 371 771 409 legem,
795 372 936 409 increpat
954 371 994 408 (b)
1017 381 1024 400 τ
1047 382 1060 398 ι(
1076 371 1191 409 Inique
1220 371 1298 409 agis,
1314 379 1332 401 o
1354 372 1464 410 Judex,
1495 371 1550 409 qui
1577 381 1638 401 nnn
1659 372 1796 411 jeJ'unes.

175 424 212 452 tn
234 424 395 462 quomodo
416 425 499 461 {rges
521 422 672 451 humanas
690 421 850 456 servabis,
868 421 923 459 qui
939 420 1067 450 divinas
1084 421 1274 456 contemnis,
1300 425 1329 451 et
1350 429 1404 458 pro
1433 421 1534 451 nihilo
1551 421 1666 451 ducis?
1684 433 1697 448 η

212 474 409 504 Mortuerum
428 481 555 510 corpora
579 480 690 509 magno
713 476 862 509 apparatu
881 470 988 500 tideles
1016 470 1139 499 tumulo
1162 471 1404 508 componebant,
1429 471 1634 509 ut.exemplo
1651 476 1697 500 est
1715 471 1798 502 Con—

177 523 322 552 stantius
342 523 522 561 imperator.
542 535 555 549 (t
574 523 629 551 lite
660 522 768 560 igitur,
805 526 838 550 ut
865 524 968 550 narrat
989 519 1159 558 Gregorius
1194 521 1244 559 (e),
1277 521 1411 559 publicis
1439 521 1606 559 praeconiis
1622 521 1798 559 faustisque

173 572 350 607 uiuinibus,
368 582 403 602 ac
423 572 536 601 celebri
564 581 674 610 pompa
699 571 881 608 deducitur,
913 571 1138 610 religiosisque
1162 572 1253 601 etiam
1277 572 1326 601 his
1358 572 1475 602 nostris
1503 573 1627 608 officiis,
1651 574 1710 604 hoc
1738 579 1796 612 est,

174 623 337 652 nocturnis
355 623 569 656 cantionibus,
587 631 621 651 ac
638 629 801 651 cereorum
831 621 970 659 ignibus,
994 621 1110 659 quibus
1132 629 1189 651 nos
1206 621 1377 652 Christiani
1397 623 1482 661 pium
1502 633 1518 654 e
1537 624 1598 654 vita
1618 625 1795 655 discessum

173 672 350 702 ornandnn]
370 672 632 702 existimamus.»
655 673 703 702 Sic
723 673 815 702 etiam
838 671 1005 709 exsequias
1023 670 1173 701 describit
1194 672 1364 709 Gregorius
1383 673 1439 712 (d).
1460 674 1574 705 «Nobis
1598 686 1729 715 magnus
1747 678 1798 708 itte

175 723 332 754 Caesarius
351 727 492 754 servatus
511 730 569 757 est,
588 723 668 752 cinis
700 722 871 760 pretiosus,
893 725 1038 750 mortuus
1056 721 1213 755 laudatus,
1242 720 1369 759 hymnis
1387 722 1448 752 sihi
1475 725 1720 756 succedentibus
1738 727 1795 757 de-

174 775 301 809 ductus,
321 773 358 803 ad
384 776 556 811 martyrum
574 773 705 802 sacraria
731 781 801 801 cum
825 780 937 810 pompa
956 772 1082 807 ductim,
1100 772 1215 801 sanctis
1241 775 1405 808 parentum
1437 774 1585 804 manibus
1609 775 1794 813 honoratus,

173 826 274 852 matre
298 823 429 853 eandida
457 827 541 853 veste
561 823 669 852 induta
690 822 836 859 pietatem
859 822 982 851 moerori
1008 821 1213 859 subrogante,
1232 821 1377 858 lacrymis
1396 830 1413 851 a
1432 823 1632 862 philosophia
1662 834 1796 864 supera-

175 874 226 906 tis,
245 873 431 912 psalmodiis
449 874 567 904 luctum
595 873 821 903 sedantibus...
856 873 892 910 (e)
908 873 1011 910 Atque
1037 871 1097 900 alia
1125 872 1252 908 quidem
1287 872 1512 909 per-saturnus,
1533 874 1592 903 alia
1613 883 1686 904 vero
1711 875 1798 904 dabi-

174 932 257 957 inuS.
276 924 509 955 anniversarios
531 923 668 954 honores
687 928 716 952 et
743 924 1062 953 commemorationes
1078 924 1261 958 offerentes,
1278 923 1299 952 ii
1323 923 1454 961 quidem
1489 925 1584 957 certe,
1606 922 1660 960 qui
1685 931 1797 961 super-

174 973 263 1002 stites
283 977 388 1004 erunt.
409 984 424 1001 »
449 974 530 1003 Hinc
549 976 630 1012 patet
650 973 917 1002 consuetudinem
944 972 1043 1002 fuisse
1071 973 1177 1007 etiam,
1197 976 1230 1002 ut
1254 972 1391 1003 honores
1420 972 1628 1003 anniversarii
1657 977 1687 1003 et
1712 982 1798 1004 com—

174 1024 423 1054 memorationes
445 1024 483 1054 ah
501 1024 550 1059 iis,
568 1024 621 1062 qui
649 1023 836 1061 superstites
857 1027 957 1057 erant,
976 1024 1177 1053 offerrentur.

211 1074 326 1103 Praeter
341 1073 419 1103 testa
437 1073 606 1112 praecipua,
638 1082 749 1112 nempe
775 1073 894 1103 Natalis
920 1073 1060 1108 Domini,
1087 1073 1283 1111 EpiphanIre,
1315 1074 1455 1111 Paschae,
1475 1075 1690 1110 pentecostes,
1718 1073 1799 1104 festa

173 1126 267 1155 etiam
293 1126 508 1163 apostolorum
538 1123 814 1162 Constantinopoli
845 1124 1098 1158 celebrabantur,
1121 1132 1177 1154 nec
1203 1133 1267 1154 non
1299 1130 1484 1163 martyrum=
1510 1134 1591 1165 quos
1623 1125 1703 1154 inter
1730 1133 1791 1153 nu-

173 1177 380 1207 merabantur
397 1176 578 1207 Machabaei.
598 1175 824 1212 Apostolorum
852 1183 988 1212 namque
1004 1173 1083 1203 festa
1108 1173 1149 1203 ibi
1170 1182 1203 1204 se
1234 1174 1422 1210 celebrasse,
1441 1175 1499 1205 etsi
1517 1184 1579 1205 non
1607 1183 1701 1214 stepo,
1717 1176 1799 1207 inter

173 1225 417 1256 valedicenduu]
437 1229 568 1256 testatur
583 1225 755 1263 Gregorius
774 1223 822 1264 (s).
855 1236 869 1251 «
889 1224 1013 1260 Valcte,
1031 1224 1177 1261 apostoli,
1205 1225 1349 1263 praeclara
1371 1225 1507 1260 colonia,
1525 1226 1707 1256 certaminis
1736 1227 1796 1256 mei

173 1275 327 1312 magistri,
345 1275 402 1305 etsi
435 1276 541 1305 minus
568 1283 651 1313 saepe
679 1274 757 1304 festa
789 1277 889 1304 vestra
911 1273 1082 1304 celebravi.
1116 1285 1128 1301 υ
1157 1275 1191 1303 ln
1219 1274 1335 1304 festum
1362 1275 1458 1305 saneti
1484 1275 1631 1314 Cypriani
1654 1276 1802 1314 martyris

173 1326 348 1356 orationem
369 1326 405 1355 ad
429 1326 581 1364 populum
600 1327 710 1356 habuit
727 1325 913 1363 Gregorius,
940 1334 997 1354 nee
1015 1332 1077 1354 nou
1104 1324 1194 1354 aliam
1221 1325 1251 1353 in
1285 1323 1401 1354 festum
1430 1325 1694 1361 Machabaeorurn,
1714 1334 1798 1364 quo-

175 1385 243 1405 rum
262 1375 330 1405 dies
346 1376 446 1406 festus
467 1376 741 1414 Constantinopoli
761 1375 913 1413 agebatur
933 1384 939 1402 :
968 1384 982 1400 α
999 1373 1059 1409 Qui
1080 1373 1226 1412 quamvis
1244 1373 1297 1412 (9),
1318 1373 1400 1412 apud
1426 1373 1542 1404 multos
1560 1383 1623 1404 non
1641 1374 1801 1406 honorem«

174 1434 234 1463 tur,
253 1427 327 1467 quia
353 1436 416 1457 non
444 1431 514 1465 post
533 1427 692 1457 Christum
710 1427 924 1459 decertarunt,
943 1424 1030 1462 digni
1049 1428 1123 1453 sunt
1151 1427 1254 1453 tamen
1273 1423 1328 1463 qui
1348 1424 1385 1454 ab
1405 1424 1555 1453 omnibus
1582 1424 1702 1455 honore
1730 1426 1798 1455 asli-

172 1478 308 1513 ciantur,
327 1477 480 1516 qrroniem
516 1486 570 1515 pro
607 1477 729 1515 legibus
754 1475 975 1513 institutisque
1014 1475 1123 1512 patriis
1154 1473 1266 1505 sortem
1299 1475 1441 1505 animum
1480 1475 1705 1512 praestiterunt.
1732 1476 1793 1512 Qui

175 1540 268 1569 porro
284 1533 355 1560 ante
380 1529 497 1559 Christi
516 1527 697 1567 passionem
714 1527 903 1564 martyrium
934 1525 1115 1559 subierunt,
1132 1525 1208 1563 quid
1244 1526 1367 1555 tandem
1406 1525 1519 1554 facturi
1553 1529 1653 1561 erant,
1677 1526 1702 1555 si
1729 1530 1798 1564 post

173 1582 336 1612 Christum
361 1578 614 1618 persecutionem
633 1577 714 1616 passi
733 1576 881 1610 fuissent,
910 1575 1043 1612 ejusque
1069 1577 1201 1603 mortem
1228 1574 1338 1603 salutis
1364 1578 1478 1604 nostrae
1504 1584 1595 1606 causa
1620 1583 1796 1616 susceptam

175 1634 212 1664 ad
228 1632 420 1663 imitandum
439 1628 634 1668 propositam
651 1626 862 1657 habuissent?
881 1625 1036 1660 »Quibus
1062 1624 1232 1653 virtutibus
1249 1625 1441 1663 pietatisque
1456 1626 1607 1664 operibus
1630 1628 1707 1657 festa
1723 1637 1797 1658 san-

177 1688 314 1719 ctorum,
327 1682 485 1721 prtecipue
500 1684 685 1718 martyrum,
697 1677 959 1711 cohonestentur‚
973 1675 1069 1711 digno
1080 1679 1234 1704 caractere
1247 1675 1404 1713 exprimit,
1414 1680 1442 1705 et
1455 1676 1571 1707 exinde
1582 1678 1613 1707 in
1629 1677 1798 1719 hrecyerha

175 1733 380 1772 pfflguquitur
397 1731 437 1770 (Ιι)
455 1742 461 1760 :
481 1730 538 1759 «Si
555 1730 595 1759 ita
611 1727 834 1761 convenhnus,
847 1728 900 1755 aut
917 1724 1150 1759 concurrimus,
1170 1733 1278 1755 revera
1291 1725 1404 1755 festum
1419 1725 1501 1756 hune
1515 1727 1610 1762 diem,
1629 1732 1662 1758 ut
1674 1728 1798 1758 Christo

175 1788 298 1822 gratum
323 1787 382 1817 est,
407 1782 616 1816 celebramus,
636 1786 743 1808 revera
763 1780 915 1814 martyres
932 1776 1051 1804 honore
1071 1775 1247 1811 affecimus,
1262 1778 1315 1804 aut
1331 1775 1517 1811 afficiemus,
1548 1785 1656 1807 revera
1688 1779 1799 1808 trium-

176 1836 302 1875 phalem
323 1835 468 1865 choream
487 1831 621 1869 agimus.
638 1828 691 1857 Sin
719 1830 824 1857 autem
841 1833 878 1855 eo
895 1823 1117 1858 convenimus,
1131 1827 1164 1854 ut
1185 1825 1303 1853 ventris
1323 1825 1538 1862 voluptatibus
1557 1826 1795 1865 indulgeamus,

177 1892 205 1916 01
225 1885 320 1916 fluxis
337 1894 371 1915 ac
391 1883 478 1913 brevi
505 1879 654 1919 perituris
677 1876 802 1907 deliciis
834 1875 988 1909 fruamur,
1013 1883 1125 1912 eaque,
1158 1882 1228 1912 quse
1260 1882 1331 1903 mox
1362 1879 1566 1910 evacuantur,
1600 1876 1796 1912 insermnus3

175 1942 270 1975 atque
291 1936 355 1965 haec
380 1935 460 1969 loca,
486 1939 549 1961 non
569 1927 795 1968 temperantire,
813 1925 866 1956 sed
884 1925 1030 1963 crapulae,
1051 1928 1080 1953 et
1098 1924 1162 1953 liaec
1190 1928 1343 1961 tempora,
1362 1933 1424 1953 non
1442 1925 1615 1962 spiritualis
1631 1935 1796 1963 ascensus,

176 1996 210 2016 ac
228 1985 301 2023 (nisi
329 1984 388 2014 hoc
411 1993 426 2013 a
448 1991 496 2012 nie
513 1979 664 2010 audacius
692 1977 811 2007 dictum
835 1976 990 2012 videatur)
1017 1973 1190 2003 divinitatis
1220 1974 1466 2012 consequendas,
1490 1975 1580 2013 cujus
1606 1977 1796 2007 mediatores

176 2043 250 2068 bum
277 2041 442 2070 „mrim-35,
465 2032 521 2062 sed
539 2037 643 2061 rerum
661 2026 870 2067 gerendarum
892 2028 922 2054 et
938 2023 1187 2061 negotiationum
1219 2027 1357 2060 tempora
1389 2031 1459 2052 esse
1484 2023 1673 2054 arbitremur
1693 2036 1699 2055 :
1730 2025 1796 2063 pri-

177 2097 262 2118 mum
282 2068 410 2125 quatem
434 2083 519 2122 quod
541 2081 598 2109 boc
616 2077 749 2115 tempori
766 2074 944 2110 conveniat,
963 2072 1045 2102 haud
1073 2080 1221 2109 agnosco.
1241 2072 1324 2107 Quid
1342 2073 1426 2101 enim
1445 2073 1541 2103 paleae
1571 2081 1641 2102 cum
1669 2073 1797 2103 tritico?

175 2138 252 2176 quid
270 2137 371 2166 carnis
392 2131 544 2171 voluptati
570 2137 641 2160 cum
662 2131 835 2165 martyrum
861 2123 1108 2155 certaminibus?
1129 2134 1142 2150 »

214 2185 394 2223 Hospitales
416 2186 503 2212 erant
519 2177 709 2210 Christianis
726 2175 926 2214 excipiendis
944 2175 1070 2208 domus,
1087 2181 1158 2212 qua)
1184 2177 1216 2202 ut
1244 2172 1425 2212 perfugium
1443 2173 1596 2203 adversus
1617 2172 1791 2201 humanam

177 2235 389 2265 intirmitatem
406 2237 500 2270 atque
527 2229 680 2259 adversus
700 2226 845 2255 miserias
865 2224 1058 2264 paupertatis
1077 2224 1284 2254 habebantur.
1303 2225 1400 2254 Unam
1420 2225 1554 2254 Basilius
1572 2227 1661 2253 extra
1684 2224 1794 2253 urbem

175 2280 543 2314 nsaw-eamaedittcavit,
565 2279 656 2316 cujus
688 2275 937 2313 descriptionem
962 2284 978 2304 a
1008 2273 1161 2312 Gregorio
1193 2273 1304 2304 factam
1338 2274 1398 2303 huc
1427 2274 1542 2304 referre
1568 2272 1709 2311 juvabit,
1737 2280 1797 2302 nec

177 2335 280 2372 1033oe
304 2331 423 2370 pjigetjit
451 2331 483 2369 (i)
507 2341 513 2359 :
534 2326 729 2358 «Paululum
749 2329 834 2355 extra
852 2325 1011 2354 civitatem
1033 2323 1144 2362 pedem
1167 2325 1256 2359 etl'cr,
1284 2331 1318 2354 ac
1334 2332 1444 2353 novam
1458 2324 1615 2353 civitatem
1634 2323 1794 2360 conspice,

176 2384 255 2414 illud
276 2381 402 2421 pietatIs
423 2377 686 2418 promptuarium,
702 2383 871 2405 commune
889 2374 1082 2412 locupletum
1108 2373 1267 2408 ferarium,
1284 2373 1314 2403 in
1331 2383 1405 2412 qun.
1424 2382 1486 2403 non
1503 2373 1598 2403 modo
1616 2373 1796 2403 redundan-

177 2439 222 2463 tes
235 2442 269 2462 ac
286 2430 454 2469 superssuae
471 2437 559 2466 opes,
575 2427 628 2456 scd
644 2426 706 2464 jam
728 2424 913 2454 nceessarice
935 2431 1063 2462 quoque
1078 2422 1244 2452 facultates
1263 2424 1413 2461 perillius
1431 2423 1665 2454 cohortationes
1683 2432 1795 2454 recon-

176 2484 333 2512 duntur...
350 2481 380 2510 in
398 2488 462 2518 quo
472 2478 601 2508 morbus
618 2484 710 2514 aeqno
726 2474 833 2504 animo
847 2474 1008 2508 toleratur,
1026 2476 1056 2502 et
1076 2473 1235 2502 calamitas
1251 2475 1338 2503 beata
1355 2477 1512 2510 censetur,
1532 2478 1561 2504 et
1576 2474 1793 2504 misericordia

176 2532 411 2570 exploratum...
429 2528 507 2557 Mihi
529 2535 602 2556 vero
619 2525 703 2555 nulla
723 2533 770 2554 res
792 2524 919 2561 perinde
938 2523 1135 2553 admirabilis
1155 2524 1292 2560 videtur,
1309 2528 1404 2562 atque
1424 2525 1659 2562 compendiaria
1674 2523 1738 2554 haec
1755 2524 1792 2553 ad

177 2582 310 2610 satutem
331 2580 390 2615 via,
408 2577 511 2608 facilis
526 2577 558 2606 in
575 2576 688 2607 coeturn
705 2582 870 2605 ascensus.
889 2586 902 2601 n

211 2675 248 2702 tal
264 2674 310 2699 Or.
323 2678 367 2701 tm,
385 2672 466 2699 11:20.
1054 2666 1084 2701 (sl
1103 2666 1147 2692 Or.
1165 2667 1209 2706 42,
1226 2674 1252 2693 n.
1273 2665 1317 2693 26.

211 2710 245 2740 (b)
261 2709 342 2741 Epist.
357 2709 390 2732 ut.
412 2708 452 2733 7-2.
1057 2702 1143 2736 {q()()r.
1160 2702 1202 2732 15,
1219 2711 1244 2727 11.
1262 2701 1283 2740 ¹¹.

210 2747 243 2773 (ιτ)
258 2744 303 2767 (tr.
320 2743 344 2768 ἰ),
363 2751 388 2767 n.
404 2742 454 2775 lui
1051 2741 1088 2770 (ll)
1103 2738 1147 2762 Ur.
1166 2737 1206 2766 tt.
1227 2745 1252 2761 n.
1269 2736 1294 2763 ἶ»,

212 2781 248 2809 χιι)
268 2780 312 2803 Οι.
329 2778 353 2807 7,
371 2787 394 2802 n.
411 2778 452 2804 tn.
1052 2776 1080 2807 (r)
1094 2773 1138 2799 ΟΡ.
1152 2772 1193 2805 45,
1213 2780 1238 2798 tt.
1256 2772 1297 2797 05.

215 2818 245 2847 (cs
264 2813 339 2845 llud„
357 2819 382 2837 lt.
400 2812 440 2837 {T-
