1838 3046
76 26 111 54 2⁴.

113 26 130 52 ω

371 169 528 198 ἆλιῖιῠίιῑᾌῖ
561 169 714 201 1ῐ11.1,Ιῑ”>ὶ,

620 19 732 46 chottt
755 19 851 46 ttttttt
873 19 1136 47 bittit-litlotxsss.

1638 22 1691 48 :33

756 169 865 197 tttttts'
895 170 923 196 δ’,
957 168 1155 197 xttttttttitts'
1187 170 1218 196 tx
1254 170 1390 200 tltttittw.

760 248 806 267 1·1‹i
833 247 958 267 t.t=·.i.‘i·1=nt
983 251 997 267 δ

113 380 150 406 En
167 379 263 408 babes.
289 378 330 412 pie
354 378 459 410 Lector,
474 378 601 404 exituium
622 377 693 403 illum
711 378 858 404 (trientalis
875 382 894 409 A
912 376 1090 414 interpretum
1109 381 1321 413 translationem,
1337 390 1413 414 cuins
1429 386 1482 408 tum
1502 387 1554 409 totu
1569 385 1634 409 nitu:
1650 391 1690 409 sn-

77 425 202 452 Ecclesia·
223 425 359 450 doctorem
386 424 543 457 Gregoriuin
569 432 582 448 a
611 423 687 449 nol-is
711 422 856 451 Latinitate

76 474 201 498 donatum
219 478 226 496 τ
248 477 279 497 ex
302 470 376 503 cujus
394 469 509 496 lectione
524 469 624 494 utinam
640 474 740 494 tantuin
757 470 859 497 fructus

77 518 123 544 tint
139 524 235 550 capere
251 516 389 549 contingat
401 535 408 545 ,
426 520 555 549 quantum
571 515 670 541 laboris
684 524 714 540 ac
729 516 858 542 molestiae

77 563 123 589 l'uit
140 562 216 588 nobis
230 562 254 587 in
268 568 299 587 eo
315 561 443 587 vertendo
455 560 633 586 subeundum.
649 560 696 586 Vix
713 561 783 587 euim
799 562 858 587 cui-

76 616 156 642 qnam
169 608 296 634 credibile
312 607 429 633 l'uturuni
444 611 494 635 est.
507 614 586 640 ‹ptatn
602 606 700 632 inritus
714 607 755 633 liic
766 613 860 634 auctor

78 654 147 687 apud
164 660 211 679 nos
235 652 439 686 peregrinetur,
458 652 507 677 nisi
527 652 571 685 qui
595 651 671 684 liujus
697 653 733 678 rei
752 653 858 686 pericn-

78 701 130 726 lum
154 698 256 726 fecerit.
277 698 331 724 lloc
351 705 413 724 vero
429 703 452 723 te
468 698 633 723 exorandum
651 698 751 729 liabeo,
767 707 799 724 ne
817 707 858 725 nte

77 751 122 771 attt
140 745 219 771 nimis
235 745 322 778 supini
342 743 480 778 eujusdam
501 744 548 770 otii
567 744 714 770 notandum
729 754 839 770 censeas
851 765 858 776 ,

76 792 121 826 qui
135 791 206 818 velut
221 799 276 817 reni
292 796 390 822 aetatu,
410 795 438 816 ut
455 790 505 816 dici
523 791 601 821 solet,
619 799 669 816 non
688 791 745 817 sine
763 800 858 825 niagno

78 837 208 871 temporis
225 836 364 869 dispendio
380 843 474 861 rursus
491 836 590 869 egerim
606 844 612 866 ;
629 841 673 862 aut
690 844 782 869 parum
795 844 859 862 cau-

77 883 130 910 didi
147 882 227 908 animi
245 888 304 907 csse
316 881 438 914 judices,
453 881 497 914 qni
515 881 540 907 in
563 882 667 908 labores
684 881 795 907 aliorum
817 883 859 908 in-

78 929 209 959 troierim,
229 928 348 961 ipsisque
373 928 474 953 meritiu
496 927 579 954 laudis
602 933 787 961 argumentum
803 928 857 953 cri-

77 982 140 1009 pere
152 974 200 1001 sim
217 978 339 1000 conatus.
354 974 473 1005 Quorum
489 978 632 1006 utrumque
645 973 733 1003 facile.
751 982 764 998 a
778 979 814 1003 te,
831 979 858 1000 nt

77 1020 183 1054 opinor,
199 1019 340 1050 obtinebo,
365 1019 386 1044 si
412 1018 489 1044 inodo
515 1023 615 1045 tantuin
632 1018 707 1044 tibia
727 1019 858 1053 graviori-

911 432 1051 452 crosancta
1069 434 1125 453 crat
1142 428 1290 454 auctoritas
1303 449 1310 459 ,
1332 429 1453 461 Aquilam
1470 429 1550 455 etiarn
1568 436 1593 455 ct
1613 434 1690 465 δμιι-

912 473 1036 498 tnacliutn
1055 478 1081 499 rt
1096 473 1307 499 'l'licodotioiwtu
1325 475 1481 508 plerumque
1497 478 1666 501 consulu-ient
1685 486 1689 501 :

914 522 941 542 ut
956 519 977 543 si
997 519 1058 552 quid
1076 519 1140 552 ipsis
1158 520 1280 553 caliginis
1295 520 1457 552 oboriretur,
1471 521 1621 554 hujusmodi
1637 523 1691 548 eul-

912 563 1008 589 latione
1024 564 1119 590 discuti
1139 571 1237 598 posset.

918 634 920 637 ,
946 609 1020 641 Quod
1040 609 1146 642 ‹ptident
1170 612 1202 636 :td
1228 620 1268 637 nic
1291 612 1384 638 attinet
1397 633 1402 642 ,
1418 614 1490 646 potui
1507 614 1555 641 hoc
1575 619 1690 648 teinpus.

911 656 980 687 quod
1001 654 1173 689 Gregorianm
1193 658 1307 683 nri-„toni
1325 659 1415 684 datutu
1433 665 1488 689 est,
1507 660 1583 693 louge
1606 670 1690 686 anur-

912 701 1033 727 niortlnns
1049 703 1387 736 miliiquejucundioribus
1400 706 1497 732 studiis
1514 707 1667 738 impendere
1684 716 1690 733 ε

910 747 955 772 sed
976 749 1151 780 quorumdam
1177 750 1288 774 consiliu
1313 755 1391 783 atque
1414 752 1565 778 auctoritati
1587 753 1684 778 ceilm-

910 793 971 818 dum
989 794 1094 825 putavi,
1113 795 1157 827 qni
1177 795 1332 821 doctissimo
1346 797 1451 829 quide-ui
1475 798 1547 827 tiro.
1563 804 1688 824 cirteruin

910 840 978 871 apvtil
995 839 1103 865 Latinos
1119 835 1207 872 nimis,
1226 846 1253 866 ut
1269 841 1386 871 aiebant,
1401 843 1526 873 obscuro,
1543 845 1648 877 suique,
1664 848 1692 871 tte

911 882 1090 916 llieronytnns
1108 884 1234 916 loquitur,
1256 886 1354 919 ‹li-pari
1366 907 1372 917 ,
1395 887 1461 913 luris
1476 888 1574 921 aliquid
1590 897 1620 914 ex
1643 891 1691 915 tiae

911 933 1001 954 nostra
1025 930 1194 955 traductione
1214 940 1385 957 arri-ssorum
1405 933 1470 959 ntilti
1488 939 1561 960 certo
1579 934 1690 967 pollice-

910 976 1016 1000 bantttr.
1039 975 1112 1001 llant·
1129 976 1218 1010 ltaque
1233 979 1398 1010 proxinciam
1415 980 1531 1014 suscepi,
1547 989 1626 1014 quatu
1643 983 1692 1008 nti-

910 1019 960 1046 lem
978 1022 1084 1053 nescio,
1104 1022 1167 1048 inibi
1182 1028 1253 1049 certe
1271 1025 1304 1049 ita
1324 1031 1432 1058 gravent
1447 1034 1477 1052 ac
1493 1026 1645 1059 molt-stam,
1664 1034 1691 1053 ot

77 1065 126 1091 bus
150 1064 202 1090 tuis
222 1063 317 1090 studiis
333 1063 379 1089 otii
397 1062 494 1093 snei-it,
509 1068 537 1089 ιιι
552 1071 661 1095 eorum,
678 1063 722 1096 qui
739 1069 801 1090 ante
817 1072 859 1092 nie
874 1063 895 1090 B
911 1065 1064 1092 inclioatntn
1088 1075 1154 1100 opus
1179 1069 1338 1102 abrumpere
1361 1078 1392 1096 ac
1413 1072 1548 1105 perpetuis
1574 1075 1691 1099 tenebris

77 1112 103 1137 in
118 1111 168 1137 boc
187 1110 293 1145 negotio
309 1111 406 1136 versati
421 1116 496 1141 sunt.
511 1110 717 1137 translationem
735 1119 795 1137 cum
809 1112 858 1139 liae

77 1163 178 1190 nostra,
192 1162 219 1184 et
234 1164 377 1191 utramque
390 1157 422 1184 ad
432 1158 569 1192 exemplar
580 1157 715 1190 Groecum,
729 1163 857 1192 tanquam

76 1203 109 1229 ad
122 1202 232 1236 Lydium
247 1202 362 1236 lapidem
376 1222 382 1233 ,
395 1202 537 1236 explorare
550 1207 637 1229 vacet.
655 1203 730 1235 Quod
747 1204 768 1229 si
785 1203 856 1230 sece-

77 1248 128 1281 ris,
148 1255 200 1274 non
215 1248 337 1281 equidem
358 1247 467 1280 dubito,
489 1248 553 1281 quin
572 1249 606 1274 ita
624 1249 662 1274 sis
687 1249 858 1276 existimatu-

76 1301 140 1325 rus,
154 1293 273 1320 laborem
288 1293 359 1320 liunc
374 1298 494 1320 nostrum
513 1302 563 1320 non
584 1295 661 1321 inodo
677 1303 728 1321 non
750 1296 855 1322 inanem

76 1348 108 1366 ae
129 1346 374 1374 supervacaneum,
396 1340 443 1366 sed
465 1339 546 1366 etiam
567 1347 649 1373 prope
675 1343 855 1368 necessarium

76 1386 169 1412 fuisse.
194 1385 332 1412 Neminem
358 1385 485 1416 insector,
511 1385 609 1412 nullius
630 1392 717 1412 errata
736 1388 856 1413 traduco.

76 1432 223 1459 Barbarum
238 1437 278 1458 est
292 1431 450 1465 sugIllandis
468 1431 580 1458 aliorum
603 1432 741 1459 laboribus
758 1433 857 1467 ingenii

76 1477 369 1511 doctrittmqnelaudetn
379 1477 516 1510 aucupari.
534 1476 692 1510 Monstrum,
706 1487 757 1504 nou
772 1480 858 1505 linini-

77 1530 137 1549 uem
149 1529 208 1549 esse
220 1527 320 1552 ειιιιιιο,
336 1522 380 1556 qui
397 1522 448 1555 piis
461 1522 574 1548 alioruin
589 1524 730 1549 conatibus
745 1524 856 1550 studiis-

78 1576 130 1603 que
151 1575 202 1594 non
226 1567 332 1598 sarcre,
357 1567 404 1594 sed
421 1567 574 1594 obtrectare
598 1568 687 1602 cupit,
710 1576 858 1603 eorumque

78 1613 167 1648 lapsus
195 1613 340 1639 crudeliter
364 1613 452 1647 potius
478 1614 604 1648 detegere
630 1619 710 1647 atque
737 1615 857 1642 oninium

77 1660 162 1686 oculis
181 1667 314 1693 exponere
335 1665 460 1691 conatur,
482 1668 561 1694 quatu
587 1660 703 1687 fraterne
722 1661 856 1693 obvelare,

78 1706 118 1732 vel
132 1705 225 1732 saltent
241 1713 382 1732 excusare.
396 1705 448 1732 Sed
466 1711 493 1732 ιιι
511 1706 641 1732 nefarium
658 1706 684 1732 iu
702 1707 794 1740 primis
810 1708 857 1733 lia-

910 1110 1036 1136 dantnare
1055 1118 1106 1136 non
1122 1112 1203 1138 semel
1218 1113 1369 1147 cogitarim.
1391 1114 1466 1147 Quod
1489 1117 1510 1143 si
1533 1118 1603 1144 vires
1618 1127 1691 1145 niens

909 1155 992 1188 probe
1007 1156 1161 1189 exploratas
1177 1158 1328 1185 habuissem
1343 1180 1350 1191 ‚
1370 1167 1450 1195 atque
1466 1167 1493 1188 ut
1517 1163 1646 1191 Dominus
1664 1166 1689 1191 iu

910 1200 1054 1234 Evangelio
1070 1203 1205 1234 admonet,
1221 1209 1343 1237 sumptus
1358 1208 1390 1232 ad
1406 1215 1461 1234 reni
1477 1207 1628 1242 hujusmodi
1645 1217 1691 1236 ne·

910 1248 1042 1273 cessarios
1055 1254 1250 1281 computassent
1260 1251 1299 1282 θος
1323 1252 1345 1278 si
1366 1260 1498 1280 sumniam
1519 1255 1608 1288 operis
1623 1255 1691 1282 dilli-

909 1294 1053 1327 cultatem,
1077 1298 1199 1330 corporis
1216 1297 1354 1332 plusquam
1371 1302 1482 1327 vitream
1499 1303 1689 1337 valetudinem,

910 1340 1091 1376 (loculumque
1110 1344 1266 1371 tenuitatem
1283 1346 1372 1372 animo
1387 1350 1606 1382 perpendissent,
1623 1358 1690 1377 nun-

909 1391 988 1419 quam
1001 1407 1007 1418 ‚
1023 1389 1058 1414 ita
1075 1396 1116 1414 nie
1134 1391 1202 1416 Deus
1217 1396 1287 1417 arnt-t
1300 1412 1306 1423 ,
1327 1392 1387 1419 linic
1404 1394 1563 1421 traductioui
1582 1405 1690 1424 manniri

910 1432 1080 1464 adjecissem.
1108 1433 1159 1460 Sed
1188 1442 1248 1460 reia
1275 1441 1315 1462 est
1347 1436 1510 1471 Thucydidis
1539 1443 1670 1468 sententia
1683 1463 1690 1475 ,

916 1478 1032 1512 Ἀμαθία.
1046 1478 1144 1513 θράσος
1155 1502 1161 1511 ,
1176 1481 1189 1505 ὁ
1204 1481 1330 1515 λογισμὸς
1343 1482 1364 1508 δ’
1379 1484 1456 1509 ὄκνον
1472 1485 1558 1520 φέρει.
1576 1486 1628 1514 Nec
1644 1489 1691 1514 abs

910 1530 939 1549 re
953 1523 982 1548 τὸ
1002 1523 1085 1549 Γνῶθι
1110 1525 1228 1557 σεαυτόν,
1250 1527 1316 1552 tanti
1343 1527 1378 1552 al)
1400 1529 1506 1555 erudita
1530 1531 1692 1563 antiquitate

910 1569 1009 1595 sactum
1027 1574 1078 1601 est,
1101 1575 1127 1596 ut
1143 1571 1167 1596 id
1182 1579 1233 1597 non
1251 1573 1355 1599 mortali
1373 1574 1489 1608 cuipiam
1501 1595 1507 1606 ,
1521 1576 1566 1602 sed
1585 1576 1648 1607 beo,
1665 1583 1692 1603 ct

910 1615 1020 1640 deorum
1035 1615 1235 1648 sapientissimo
1249 1618 1450 1645 attribuendum
1466 1620 1638 1647 existimarit.
1655 1622 1692 1647 Ac

910 1660 974 1685 milii
990 1660 1060 1687 idem
1077 1669 1186 1695 prorsus
1201 1664 1335 1690 accidisse
1351 1665 1448 1695 sentio.
1464 1666 1533 1699 quod
1549 1667 1691 1702 navigandi

911 1705 1086 1734 insolentibus
1108 1715 1156 1734 usu
1182 1709 1274 1735 venire
1290 1710 1375 1741 solet3
1399 1711 1444 1744 qui
1469 1711 1651 1739 allubescente
1677 1722 1692 1739 e

75 1751 192 1777 bendum
211 1754 267 1781 est,
288 1758 320 1776 cx
342 1750 491 1776 alienarunt
509 1751 724 1777 lucubrationum
742 1752 856 1778 insecta-
872 1739 892 1767 C
911 1752 981 1775 terra
995 1751 1195 1785 niarisaspectu
1210 1753 1275 1779 inira
1287 1762 1347 1779 cuin
1361 1755 1442 1781 anitnl
1454 1756 1590 1790 voluptate
1602 1758 1690 1784 narini

76 1798 148 1824 tione
171 1804 202 1823 ae
221 1797 391 1830 depressione
408 1803 546 1826 crescere,
571 1797 726 1831 aditumque
749 1798 798 1823 sibi
824 1798 856 1824 ad

77 1843 215 1870 bominum
239 1843 336 1869 l‘atnaiu
363 1843 470 1869 ntuuire
495 1843 587 1869 velle:
613 1843 648 1869 ita
670 1852 729 1869 eum
757 1844 855 1877 publici

76 1890 208 1916 commodi
222 1896 302 1915 causa
318 1889 342 1915 id
357 1889 494 1922 postulat,
516 1890 615 1915 nemini
635 1890 700 1915 vitio
720 1891 786 1916 verti
807 1889 856 1917 de-

76 1936 137 1966 bet.
162 1943 218 1961 rem
234 1935 267 1961 ab
288 1935 348 1961 aliis
374 1939 517 1961 tractatam
544 1940 705 1967 retractare,
729 1943 760 1961 ac
784 1936 856 1961 velut

76 1981 125 2007 sub
146 1980 268 2006 incudem
295 1988 430 2007 revocare.
454 1981 538 2007 bimis
557 1981 628 2007 enim
658 1981 778 2014 profecto
805 1982 856 2008 sibi

77 2031 184 2059 arrogat
198 2025 243 2059 qni
262 2025 424 2052 contumelia
442 2033 471 2052 se
491 2025 560 2052 allici
576 2031 685 2058 censet,
702 2027 724 2052 si
741 2027 801 2059 quis
815 2027 857 2052 vel

77 2080 136 2104 qua:
161 2072 216 2104 ipse
238 2071 395 2105 scripserit,
419 2072 563 2098 emendare
584 2080 614 2098 ac
639 2072 772 2106 perpulit-e
787 2091 793 2102 ‚
817 2072 857 2097 rel

76 2118 156 2143 etiam
175 2117 260 2143 eidem
277 2116 394 2142 materie
407 2137 413 2148 ,
435 2118 456 2142 si
478 2117 502 2143 id
525 2126 539 2144 e
558 2125 585 2144 re
601 2118 731 2144 litteraria
748 2119 802 2143 t'ore
819 2119 858 2144 xi-

77 2163 182 2193 deatur,
205 2162 350 2188 secundam
371 2169 480 2188 manunt
499 2162 622 2189 adntoliri
642 2164 735 2188 audeat
756 2172 760 2187 :
780 2163 857 2187 inodo

77 2209 136 2236 dum
156 2207 207 2234 illm
228 2209 372 2233 teterrimre
388 2212 477 2241 pestes
498 2208 590 2242 procul
613 2213 764 2239 arceantur,
790 2208 857 2234 livor

77 2260 103 2282 et
117 2253 283 2282 obtrectandi
298 2255 426 2281 studium.
442 2255 518 2287 Quod
535 2263 594 2281 cum
612 2256 637 2281 in
653 2256 726 2281 omni
740 2256 856 2288 scripto-

77 2308 136 2328 rum
154 2308 251 2335 genere
267 2301 397 2326 haetenus
413 2300 517 2326 licuerit
534 2300 594 2334 (nec
613 2302 682 2327 enim
703 2302 760 2327 sine
777 2310 856 2327 rausa

77 2346 229 2374 Graecorum
243 2346 383 2379 proverbio
397 2346 504 2375 dicitur,
519 2346 645 2380 δευτέραις
657 2346 799 2380 φροντίδας
814 2355 856 2371 πυ-

77 2391 200 2426 ‹atr-³¹5²?
220 2389 310 2423 εἶναι),
325 2397 379 2417 ιιιιιι
401 2398 466 2418 vero
490 2391 514 2416 in
538 2391 748 2417 traductionibus
772 2392 854 2417 inulto

75 2438 173 2471 justius
190 2437 389 2463 concedendum
404 2442 461 2468 est;
483 2443 595 2469 quarum
616 2437 692 2469 eopia
715 2441 794 2469 atque
814 2437 854 2461 di-

78 2483 202 2513 versitas.
219 2488 247 2508 ut
268 2482 333 2508 niliil
347 2482 418 2508 aliud
444 2482 568 2507 utilitatis
590 2482 692 2514 pariat,
717 2482 767 2507 boc
782 2487 854 2507 certe

78 2527 209 2553 commodi
227 2526 323 2558 affert,
345 2526 414 2560 quod
431 2534 462 2552 ex
479 2526 592 2560 plurium
611 2526 785 2558 interpretum
802 2525 856 2550 col-

78 2573 178 2600 latione
192 2573 309 2598 :tuctoris
322 2572 455 2598 sententia
477 2572 576 2598 clarius
596 2571 732 2596 elucescit.
758 2570 800 2596 Sic
819 2570 856 2595 ii-

78 2619 172 2645 demus
197 2625 210 2643 a
234 2618 330 2650 priscis
355 2617 407 2643 illis
432 2617 557 2643 Ecclesiae
574 2615 728 2642 doctoribus
743 2615 856 2640 libenter

79 2664 228 2691 :actitatum
241 2670 311 2694 esse,
323 2668 352 2688 ut
366 2668 462 2696 praeter
475 2662 588 2689 nobilem
603 2661 672 2688 illam
687 2660 855 2694 septuaginta

113 2732 135 2746 ⁸⁰
151 2729 214 2756 Luc.
230 2736 283 2759 xiv.
300 2728 344 2755 28.

910 1795 1106 1829 ingrediuntur,
1127 1798 1177 1824 laeti
1194 1800 1274 1825 etiam
1298 1805 1325 1826 ct
1348 1801 1451 1828 alacres
1475 1803 1565 1830 littora
1590 1805 1690 1839 legunt,

910 1842 997 1874 quoad
1017 1843 1041 1868 in
1057 1844 1138 1869 altum
1156 1847 1290 1878 pervecti,
1316 1847 1446 1875 subducta
1468 1849 1523 1883 jam
1549 1852 1621 1876 omni
1648 1852 1690 1878 illa

910 1889 1075 1915 ainu‘nitatis
1099 1891 1203 1923 speeie,
1225 1892 1249 1916 in
1268 1893 1442 1924 gravissimos
1463 1895 1560 1928 capitis
1584 1896 1690 1923 dolores

911 1933 1041 1966 incidunt,
1056 1942 1209 1969 nauseaque
1221 1937 1317 1963 ntisere
1330 1939 1500 1966 divexantur.
1516 1941 1554 1966 Ad
1566 1943 1687 1968 eumdem

909 1979 980 2005 enini
995 1979 1050 2013 ipse
1067 1988 1170 2014 quoque
1187 1983 1294 2008 niodum
1310 1983 1334 2009 in
1350 1983 1398 2010 liae
1424 1986 1609 2017 traductione,
1629 1995 1688 2013 cnm

910 2024 987 2056 primi
1001 2025 1089 2051 aditus
1104 2026 1232 2053 facilitate
1249 2028 1353 2056 illectus
1369 2034 1395 2055 et
1412 2029 1562 2062 inescatus,
1577 2032 1688 2065 juvenili

908 2070 1024 2102 quodam
1041 2071 1123 2097 aniini
1141 2072 1238 2099 ardore
1257 2082 1287 2099 ac
1304 2075 1434 2108 praecipiti
1451 2076 1552 2110 impetu
1573 2078 1687 2104 stadium

910 2122 992 2141 unuin
1007 2121 1086 2149 atquc
1104 2117 1216 2144 alterum
1235 2127 1360 2147 ctncnsus
1376 2121 1485 2148 luissent
1501 2131 1508 2149 t
1528 2123 1562 2149 ita
1579 2130 1689 2157 repente

910 2159 1012 2186 lubrica
1027 2163 1116 2188 onmia
1134 2172 1309 2198 gressumque
1332 2166 1467 2199 fallentia,
1492 2169 1525 2194 ita
1550 2177 1643 2202 aspera
1663 2178 1688 2197 et

909 2204 1048 2238 salebrosa
1059 2209 1156 2241 reperi,
1169 2215 1195 2234 ut
1208 2218 1255 2235 nce
1269 2212 1372 2245 regredi
1383 2212 1438 2245 jain
1451 2219 1505 2246 prae
1517 2215 1627 2248 pudore,
1640 2224 1688 2243 nec

909 2252 1031 2283 progredi
1050 2253 1106 2278 sine
1127 2255 1246 2287 periculo
1266 2264 1382 2287 possein.
1401 2257 1515 2284 Tantum
1540 2262 1565 2285 in
1591 2269 1632 2286 ine
1651 2267 1687 2287 tc-

909 2300 1018 2326 meritas
1035 2299 1126 2331 valuit,
1143 2309 1201 2334 quae
1222 2310 1273 2327 non
1289 2303 1376 2329 minus
1389 2311 1468 2336 quam
1485 2304 1614 2336 ebrietas,
1626 2314 1686 2339 sp‹·-t

905 2342 981 2374 jubet
999 2349 1057 2369 esse
1081 2348 1171 2375 ratas,
1194 2345 1219 2369 in
1241 2346 1330 2377 praelia
1350 2347 1433 2373 trudit
1451 2348 1597 2375 inerint-tn!
1617 2350 1687 2376 lncr-

909 2396 977 2413 inetu
993 2388 1063 2414 cuitu
1077 2390 1156 2422 plane
1173 2399 1213 2416 nie
1227 2400 1285 2417 csse
1303 2393 1399 2424 l'ateor,
1411 2394 1481 2426 quod
1496 2395 1601 2427 quidem
1616 2397 1647 2421 ad
1664 2398 1687 2421 i·l

910 2433 1022 2464 attinet,
1049 2439 1077 2459 ut
1103 2443 1164 2461 cum
1190 2441 1263 2461 tanto
1292 2437 1388 2463 Milone
1405 2445 1521 2472 quantus
1541 2446 1579 2466 est
1599 2447 1688 2466 nosti-r

909 2478 1054 2512 Gregorius
1070 2480 1200 2506 facundia:
1213 2483 1360 2508 certamine
1372 2482 1503 2509 ein.i‹·are
1515 2493 1618 2516 queam=
1633 2487 1687 2511 ui-

907 2524 1026 2557 niiasque
1043 2525 1124 2557 ipsius
1139 2527 1214 2552 dotes
1233 2527 1326 2552 Latina
1346 2529 1468 2555 oratione
1484 2537 1685 2562 repraesentave.

907 2569 992 2601 Atque
1008 2569 1077 2596 ltaud
1092 2572 1148 2597 scio
1163 2581 1194 2597 an
1219 2573 1361 2606 quisquam
1383 2574 1416 2599 sit
1433 2579 1505 2599 tauta
1529 2575 1633 2601 dicendi
1651 2576 1690 2601 l'a-

907 2614 1005 2640 cultate
1018 2623 1047 2641 ac
1061 2617 1202 2642 verborum
1217 2618 1290 2651 copi-i
1308 2620 1446 2650 praeditus,
1463 2620 1506 2652 qui
1523 2625 1574 2646 tam
1592 2622 1688 2647 uberes

907 2665 931 2685 et
948 2662 1070 2693 prolusas
1084 2663 1243 2697 eloquenti-c
1262 2672 1325 2697 opes
1341 2665 1375 2690 ita
1391 2674 1404 2691 e
1421 2664 1522 2692 Graecia
1540 2666 1565 2692 in
1584 2666 1686 2692 Latmo*
