1838 3046
137 69 172 97 ‘23
654 76 839 105 PRAEFATIO
856 79 1057 106 GENEtiALts.
1078 95 1112 99 —-
1132 80 1221 108 PARS
1238 81 1258 109 1.
1723 85 1758 111 ΞΖ

140 130 260 160 itanum
278 131 435 162 Isidorum
452 140 624 174 nuncupat.
642 149 655 163 κ
671 137 810 168 Pudebat
828 139 912 168 enim
927 148 1013 173 eum,
1028 140 1111 178 quod
1126 141 1281 172 Graecia...
1298 144 1356 172 tam
1370 142 1579 180 doctum,tam
1591 145 1754 182 disertum,

138 185 266 220 tamque
282 183 453 214 facundum
472 190 631 217 auctorem
644 193 843 219 moratorem
863 199 955 220 suum
972 191 1099 221 liaberet
1116 196 1175 222 tam
1194 194 1338 224 mutilum
1356 203 1390 224 ac
1405 194 1553 232 lacerum,
1570 201 1676 236 totque
1692 198 1758 236 pla·-

138 232 185 269 gis
203 233 400 268 consessum,
420 238 452 263 ut
469 236 645 267 semivivus
665 239 795 268 relictus
813 240 986 269 videretur.
1002 252 1015 267 »
1028 241 1104 276 Qum
1121 250 1191 271 cum
1211 252 1280 272 vera
1297 245 1371 280 sint,
1391 250 1486 284 atque
1501 246 1532 276 in
1550 248 1758 279 Parisiensem

138 282 310 312 editionem
328 284 450 320 possint
471 288 660 325 retorqueri,
677 292 709 318 ut
724 298 761 318 ex
778 288 871 318 dictis
894 294 1028 326 constat,
1046 290 1120 320 inde
1142 300 1271 330 quoque
1284 298 1427 324 constare
1443 296 1534 325 debet
1550 298 1757 327 neeessariam

139 343 208 364 esso
228 343 341 365 novam
359 336 499 374 Operum
516 338 658 376 Gregorii
676 340 865 370 Nazianzeni
883 341 1054 371 editionem
1068 352 1075 376 ;
1090 343 1224 373 maxime
1239 352 1308 374 cum
1325 346 1411 377 nulla
1428 348 1467 377 sit
1484 356 1554 385 quae
1570 350 1674 379 omnia
1692 350 1759 387 ejus

138 386 240 422 Opera
269 387 439 422 contineat,
459 389 545 418 nulla
565 398 635 428 quze
652 397 715 419 non
734 390 913 420 innumeris
930 391 1052 420 mendis
1076 397 1204 422 scateat.
1221 394 1266 423 Ad
1284 403 1395 425 novam
1415 396 1512 434 igitur
1528 397 1666 435 Operum
1685 399 1761 428 Gre-

138 434 219 469 gorii
241 435 414 467 editIOnem
432 437 643 467 adornandam
658 439 756 468 nostri
771 443 846 468 sunt
861 439 1012 476 aggressi.
1031 440 1154 470 Primus
1171 443 1258 478 operi
1278 452 1403 473 inimum
1422 447 1556 476 admovit
1572 448 1607 476 D.
1625 448 1760 478 lacobus

138 483 327 522 Friscliius;
349 496 414 524 quo
435 488 617 525 paulopost
645 488 815 522 exstincto,
840 489 927 525 operi
952 490 1104 519 successit
1134 491 1169 520 D.
1188 491 1374 522 Franciscus
1390 495 1552 531 Louvard;
1582 506 1689 527 verum
1717 502 1761 528 tot

139 536 383 572 tempestatibus
399 537 535 575 jactatus
552 542 598 566 est
620 542 652 566 ut
678 547 742 567 rem
761 538 908 568 infectam
930 539 1113 578 relinquere
1130 545 1257 571 coactus
1269 542 1320 572 sit.
1340 544 1419 573 'l'um
1440 551 1541 583 partes
1563 547 1632 576 illas
1648 556 1761 577 susce—-

140 585 184 622 pit
203 586 237 615 D.
253 586 448 617 Prudentius
466 589 585 625 Maran,
602 589 656 618 sed
679 598 694 619 e
717 592 897 620 transverso
923 599 1007 621 mors
1030 591 1196 621 incurrens
1220 592 1321 622 virum
1347 594 1471 626 doctum
1490 598 1630 634 abstulit,
1654 599 1762 637 prius-

141 645 234 674 quam
258 646 339 675 opus
358 647 556 676 promovere,
586 641 704 670 nedum
725 642 876 679 perficere
896 644 1048 679 potuerit.
1066 644 1200 673 Demum
1219 653 1289 680 DOS,
1311 645 1382 675 lieet
1400 647 1534 684 impares
1558 652 1641 677 tanto
1658 648 1760 683 oneri,

141 699 152 713 u
173 687 203 717 in
223 696 333 719 eorum
361 689 495 724 labores,
517 702 530 717 »
548 690 639 720 inviti
656 690 709 720 sed
726 690 823 729 jussi,
840 691 1042 723 intravimus.
1069 693 1151 729 Quid
1172 694 1287 732 singuli
1318 695 1349 724 in
1370 695 1426 727 liae
1444 698 1582 729 editione
1610 699 1762 737 praestite-

140 739 214 775 rint,
230 750 315 772 nunc
334 743 572 779 exponendum.

138 827 205 863 §H-
226 836 302 861 Qt'tD
325 836 435 856 NOSTR!
460 837 491 856 lx
513 836 574 856 ttae
591 836 740 857 EDITIONE
766 836 895 858 orntum
914 838 1062 858 Gnmonit
1087 839 1279 859 ADORN'ANDA
1308 838 1544 860 PRAESTtTEntNT
1570 838 1761 863 EXPONtTcn‘

178 902 321 931 Stadium
343 902 428 931 istud
447 903 502 940 qui
525 903 609 940 prior
630 904 797 941 ingressus
812 904 927 941 fuerat,
946 906 1082 936 lacobus
1098 906 1263 936 Friscliius
1284 909 1384 936 morte
1400 905 1506 934 statim
1527 908 1573 934 est
1596 905 1761 939 sublatus3

140 955 292 992 quasdam
315 958 434 984 tantum
455 955 611 985 variantes
627 955 780 986 lectiones
798 957 939 995 reliquit.

178 1004 216 1032 D.
235 1004 426 1033 Franciseus
441 1003 603 1041 Louvard,
620 1004 674 1041 qui
689 1005 844 1035 successit
860 1006 962 1043 operi,
982 1006 1034 1036 diu
1054 1007 1257 1046 multumque
1275 1007 1448 1043 insudavit,
1467 1008 1545 1037 nulli
1563 1008 1703 1046 pepercit
1719 1007 1761 1037 la-

140 1052 220 1082 bori.
243 1052 394 1082 Ardentis
414 1053 536 1090 ingenii
559 1054 714 1092 impetum
747 1059 877 1086 secutus
893 1080 901 1092 ‚
919 1057 1136 1095 undequaque
1159 1057 1368 1096 conquirebat
1385 1058 1540 1097 quidquid
1561 1057 1759 1097 propositum

139 1114 232 1134 suum
246 1106 358 1143 juvare
378 1110 498 1144 posset.
517 1107 587 1143 Quo
604 1107 721 1138 sactum
737 1111 798 1144 est,
820 1112 853 1138 ut
870 1108 1059 1139 immensam
1079 1118 1182 1139 rernm
1203 1110 1240 1140 ad
1257 1110 1400 1147 Gregorii
1420 1108 1593 1138 editionem
1618 1114 1761 1136 necessa-

139 1159 256 1187 riarum
274 1158 396 1196 copiam
414 1158 624 1196 congesserit.
643 1158 763 1188 Omnes
781 1167 862 1197 pene
887 1159 1045 1189 editiones
1065 1161 1276 1197 comparavit,
1295 1161 1363 1189 sive
1383 1161 1518 1194 Graecas,
1536 1159 1602 1188 sive
1619 1157 1761 1192 Latinas,

139 1211 205 1239 sive
228 1210 503 1245 Graeco-Laiinas;
522 1209 560 1239 ad
589 1218 680 1248 quas,
696 1222 709 1237 «
726 1211 831 1240 omnia
844 1232 852 1246 ,
870 1211 895 1241 si
914 1212 1048 1249 paucula
1076 1213 1219 1250 (lu-‘etlam
1236 1212 1388 1251 excipias,
1408 1223 1422 1239 »
1444 1220 1459 1240 a
1477 1220 1510 1240 se
1537 1214 1644 1240 exacta
1662 1209 1761 1238 fuisse

139 1261 279 1298 Gregorii
297 1260 400 1299 Opera
419 1264 564 1291 testatur.
583 1262 648 1292 Has
664 1271 775 1293 omnes
795 1263 890 1301 longo
907 1264 1019 1294 ordine
1038 1268 1194 1299 recenset,
1215 1264 1427 1298 Basileenscs,
1444 1263 1604 1295 Billianas,
1622 1264 1694 1294 etc„
1714 1260 1761 1290 le-

139 1313 274 1347 ctiones
292 1321 362 1351 quae
378 1313 414 1342 ad
431 1313 549 1343 calcem
576 1313 753 1344 editionum
774 1315 989 1353 rejiciuntur:
1008 1319 1103 1354 atque
1133 1316 1229 1345 etiam
1247 1315 1272 1345 si
1295 1324 1374 1353 quas
1393 1313 1547 1344 lectiones
1568 1312 1617 1342 vel
1635 1315 1724 1341 notas
1743 1319 1761 1340 a

140 1363 215 1392 viris
234 1363 335 1393 doctis
357 1363 387 1392 in
406 1372 459 1393 ora
489 1364 642 1395 librorum
665 1367 799 1404 scriptas
817 1367 917 1402 novit,
938 1370 1019 1397 tanta
1046 1367 1209 1405 diligentia
1228 1367 1413 1405 exquisivit,
1437 1368 1468 1395 ut
1487 1365 1611 1394 tandein
1637 1372 1761 1401 repere-

141 1416 192 1445 rit.
211 1414 478 1444 Famosissimum
498 1417 648 1447 volumen
668 1418 862 1447 Basileensis
883 1418 1050 1453 editionis,
1072 1419 1101 1448 in
1122 1428 1185 1457 quo
1203 1419 1356 1448 lectiones
1372 1422 1401 1449 et
1419 1416 1670 1450 emendationes,
1690 1423 1761 1453 quae

138 1475 154 1495 e
169 1474 262 1494 manu
277 1464 359 1494 Biliii
376 1465 413 1494 ad
430 1473 500 1494 oras
518 1468 547 1493 et
567 1465 645 1493 intra
666 1465 763 1494 lineas
780 1466 904 1503 sci-ipim
921 1470 1005 1502 sunt,
1021 1472 1134 1503 sponte
1151 1476 1206 1497 sua
1225 1467 1363 1505 benigne
1380 1466 1506 1501 obtulit,
1525 1469 1555 1495 ut
1570 1465 1758 1504 jamdictum

140 1519 199 1550 est,
217 1515 264 1544 vir
290 1514 488 1543 clarissimus
509 1514 545 1544 D.
566 1514 958 1552 B;1i·on.ltliu‹lejusdem
976 1515 1131 1545 editionis
1149 1516 1322 1550 exemplar,
1342 1526 1355 1542 α
1376 1524 1447 1545 eum
1481 1513 1760 1544 emendationibus

139 1572 168 1595 et
189 1564 452 1594 adnotationibus
482 1564 610 1602 seriptis
630 1572 725 1593 manu
744 1564 803 1593 viri
822 1564 936 1594 docti»
957 1565 1077 1603 accepit
1094 1574 1108 1593 a
1128 1565 1165 1593 D.
1184 1564 1313 1599 Naulin,
1331 1564 1399 1595 viro
1416 1569 1525 1594 caetera
1545 1563 1649 1597 docto,
1666 1565 1760 1600 atque

142 1614 299 1653 ivnpriiflis
318 1614 552 1651 Scripturarum
577 1613 684 1642 studio
706 1613 907 1646 clarissimo.
929 1613 959 1643 in
982 1614 1066 1643 curia
1096 1613 1269 1644 l‘arisiensi
1299 1614 1462 1644 advocato.
1490 1613 1657 1650 Exemplar
1677 1611 1759 1640 istud

139 1665 349 1703 nei-vaginam
364 1663 529 1697 editionis,
549 1662 578 1691 in
596 1661 722 1691 Heinsii
744 1661 950 1692 Bibliothecae
966 1662 1108 1700 catalogo
1127 1663 1274 1701 Lugduni
1291 1663 1476 1693 Batavorum
1499 1663 1583 1693 edito
1600 1662 1759 1696 an.1682,

141 1729 170 1758 p.
187 1720 218 1754 7,
240 1728 270 1749 n.
287 1719 344 1748 1⁶29
361 1718 547 1756 inscriptum
569 1719 626 1746 est.
651 1716 819 1745 Lectiones
840 1719 869 1745 et
886 1716 1130 1746 emendationes
1147 1720 1221 1745 sunt
1241 1715 1403 1753 eleganter
1420 1714 1522 1752 picta),
1538 1712 1590 1742 sed
1608 1711 1759 1749 Auglnm,

139 1770 263 1800 Calvini
290 1769 507 1806 discipulum,
529 1767 679 1805 sapiunt,
697 1767 730 1796 ni
758 1767 861 1798 fallor.
878 1768 1037 1803 Quasdam
1066 1769 1307 1798 emendationes
1320 1789 1328 1802 ‚
1343 1776 1421 1806 quas
1448 1767 1478 1795 in
1496 1774 1548 1795 ora
1569 1764 1759 1794 Parisiensis

139 1819 290 1850 editionis
322 1818 397 1848 anni
428 1818 529 1852 1630,
553 1816 627 1846 olim
658 1817 807 1854 apposnit
836 1817 1042 1847 doctissimus
1070 1818 1108 1847 de
1138 1817 1253 1847 Barros
1288 1817 1383 1846 abbas
1413 1817 1674 1855 Sancygiranus,
1702 1815 1760 1845 de·—

138 1872 233 1902 scribi
268 1876 298 1901 et
331 1871 368 1900 ad
410 1879 443 1900 se
482 1869 561 1899 mini
581 1890 589 1904 ‚
623 1869 869 1905 emendationes
904 1878 1033 1906 quoquo
1064 1878 1098 1899 ac
1142 1874 1233 1899 notas
1269 1879 1283 1898 a
1324 1869 1508 1899 doctissimo
1552 1866 1758 1898 Tillcmontio

137 1925 173 1954 nal
205 1932 291 1952 oram
324 1922 510 1952 Parisiensis
540 1920 692 1950 editionis
719 1921 864 1958 scriptas,
882 1925 908 1950 et
927 1931 942 1950 a
959 1921 1092 1951 domino
1124 1921 1279 1951 'l‘ronciiai
1311 1921 1431 1951 oblatas
1459 1920 1593 1950 exscribi
1624 1919 1756 1949 curavit.

179 1973 318 2002 'l'andem
336 1972 574 2010 copiosissimas
594 1972 761 2008 lectiones,
775 1982 853 2012 quas
870 1983 886 2004 e
905 1974 1023 2011 Regiis,
1043 1974 1237 2004 Colbertinis
1254 1975 1514 2012 Mazarinaeisque
1533 1973 1757 2010 manuscriptis

138 2024 288 2054 cenea-tas
304 2045 312 2059 ,
332 2023 368 2052 ad
388 2032 471 2052 nram
490 2025 740 2054 Grmco-Lnnnae
757 2026 908 2056 editionis
938 2026 1128 2057 Parisiensis
1156 2026 1230 2056 anni
1258 2026 1334 2055 1630
1360 2034 1453 2055 manu
1472 2024 1595 2063 propria
1613 2024 1758 2062 appinxit

140 2078 187 2107 vir
203 2077 420 2110 doctissimus.
437 2086 471 2106 ac
487 2078 525 2107 de
541 2078 653 2108 litteris
669 2079 784 2108 Graecis
803 2079 921 2116 optime
942 2079 1074 2109 meritus
1094 2078 1412 2109 tt.t³.Combeas1us.
1431 2074 1675 2109 Dominicanus,
1691 2074 1757 2112 ipse

139 2137 196 2158 sua
221 2128 392 2163 exscripsit
412 2132 519 2157 noster
539 2129 725 2158 Louvardus
744 2139 751 2158 ε
769 2129 819 2159 cui
842 2133 990 2167 prmtcrea
1008 2131 1043 2159 R.
1062 2130 1093 2159 P.
1114 2130 1141 2159 le
1162 2130 1264 2164 Quien
1283 2127 1438 2160 doctriua,
1456 2125 1649 2158 eruditione,
1679 2124 1757 2154 scri-

139 2178 200 2215 ptis
219 2177 417 2208 clarissimus
432 2199 440 2214 ‚
458 2186 474 2206 e
488 2178 695 2207 Dominicana
715 2177 846 2213 familia,
869 2178 997 2207 Parisiis
1017 2178 1053 2207 ad
1072 2178 1175 2207 vicum
1194 2177 1297 2206 sancti
1316 2177 1492 2212 Honorati,
1510 2177 1559 2206 sui
1579 2177 1675 2206 decus
1693 2184 1758 2205 ma-

138 2230 261 2259 ximum
280 2229 402 2258 ordinis
421 2249 429 2261 .
447 2229 690 2259 emendationes
718 2233 748 2259 et
777 2233 866 2259 notas·
889 2229 1051 2259 censorias
1077 2229 1109 2259 in
1129 2228 1293 2258 Billianam
1313 2236 1438 2258 omnem
1462 2236 1592 2266 operum
1613 2226 1754 2264 Gregorii

138 2280 434 2318 interpretationem
448 2300 455 2312 .
475 2279 512 2308 ab
534 2280 645 2308 eodem
676 2280 763 2309 Patre
782 2280 975 2309 Combefisio
992 2280 1167 2309 elaboratas
1196 2278 1334 2315 benigne
1351 2277 1495 2312 tradidit;
1515 2275 1689 2314 etquidem
1717 2284 1755 2305 eo

139 2331 253 2368 majori
271 2331 481 2368 benignitate,
496 2329 580 2367 quod
600 2328 668 2366 ipse
690 2338 770 2368 pene
791 2333 944 2359 statuerat
960 2329 1053 2359 edere
1070 2328 1269 2365 Gregoriuni,
1288 2330 1414 2365 propter
1445 2326 1638 2364 singularem
1666 2326 1756 2356 theo-

140 2383 202 2419 logi
216 2381 398 2411 affinitatem
414 2390 485 2411 cum
504 2381 712 2416 Damascene,
730 2380 821 2419 cujus
840 2385 903 2410 tum
923 2381 1095 2410 editionem
1116 2379 1302 2410 adornabat.

179 2433 317 2462 Primum
349 2436 452 2461 autem
491 2437 600 2461 nostro
634 2433 799 2462 Louvardo
834 2433 976 2462 studium
1010 2431 1070 2461 fuit
1107 2431 1224 2461 scrinia
1259 2428 1522 2460 bibliothecarum
1564 2433 1727 2455 revoivere
1745 2447 1753 2458 ‚

137 2486 168 2510 et
190 2481 349 2520 quidquid
385 2489 401 2509 e
436 2490 467 2510 re
499 2489 554 2509 sna
582 2485 648 2510 erat
677 2481 870 2511 describere.
892 2481 1088 2518 Scriptorum
1122 2489 1214 2508 mann
1246 2479 1390 2508 codicum
1421 2480 1536 2506 tantam
1567 2477 1684 2514 reperit
1704 2485 1756 2504 co-

137 2530 220 2567 piam
240 2553 247 2565 ,
272 2534 307 2559 ut
330 2530 361 2558 in
380 2529 428 2558 liis
457 2530 636 2566 deligendis
656 2539 758 2567 operre
783 2530 854 2568 plns
884 2530 1082 2567 insumptum
1101 2550 1109 2564 ,
1130 2537 1226 2567 quam
1254 2529 1286 2557 in
1314 2526 1517 2557 inveniendis
1546 2525 1692 2560 fateatur,
1710 2531 1756 2556 at-

137 2590 200 2618 que
233 2591 272 2611 ex
298 2581 337 2611 iis
365 2580 554 2610 immensam
591 2581 747 2611 variarum
780 2582 952 2612 lectionum
986 2581 1107 2620 copiam
1139 2580 1206 2610 sive
1240 2580 1365 2618 propria
1385 2602 1393 2616 ,
1423 2580 1491 2611 sive
1519 2581 1622 2611 aliena
1657 2588 1754 2609 manu

136 2631 276 2669 collegit.

177 2680 234 2708 His
251 2679 401 2709 omnibus
421 2680 623 2716 comparatis,
644 2680 858 2718 praesationes‘,
888 2681 981 2711 vitam
999 2680 1157 2715 auctmts,
1177 2679 1381 2718 prmngondns
1398 2680 1534 2718 singulis
1552 2682 1753 2711 orationibus

135 2729 374 2760 admonitiones
393 2752 400 2765 ,
428 2731 584 2771 quidquid
615 2733 743 2763 demum
764 2737 941 2763 accuratam
963 2734 1045 2763 solet
1062 2736 1156 2771 atque
1175 2733 1266 2762 etiam
1289 2733 1381 2762 debet
1405 2733 1579 2763 editionem
1597 2734 1751 2771 comitari,

136 2784 259 2807 summa
278 2778 441 2815 diligentia
458 2789 491 2810 ac
512 2780 673 2811 celeritate
687 2783 827 2819 parabat,
846 2787 940 2820 atque
968 2790 1004 2812 eo
1022 2790 1190 2821 progressu
1206 2804 1213 2817 ,
1232 2784 1264 2811 ut
1295 2781 1452 2819 fastigium
1471 2784 1558 2821 operi
1584 2783 1752 2822 imposuis-
