1838 3046
162 140 210 166 ¹272
654 140 837 167 rttAEFATto
855 137 1056 166 GhNEttALtS.
1078 152 1110 156 —
1129 137 1216 163 Dans
1237 137 1275 163 lll.
1724 132 1772 159 1:212

163 198 239 227 tanti
262 198 378 236 virgini
398 199 561 237 suppetias
577 199 690 232 ferret.
707 199 821 238 jejunii
839 202 868 229 et
885 197 1084 227 chameuuiae
1110 196 1276 234 pharmaco
1295 203 1365 225 sese
1385 192 1578 227 eommuuit;
1607 192 1716 230 partim
1740 196 1772 222 ut

163 247 270 277 sormae
287 252 483 278 venustatem
503 252 649 288 tanquam
669 249 854 279 insidiosam
873 248 1068 280 obscuraret,
1093 247 1204 284 sicque
1225 246 1357 275 ilammae
1377 242 1537 273 materiam
1556 243 1768 280 subtraheret,

163 306 196 327 ac
213 297 354 327 libidinis
372 297 513 328 fomitem
532 300 735 334 absumeret;
758 299 868 337 partim
887 301 920 326 ut
939 305 994 334 pcr
1014 296 1105 325 tidem
1126 299 1155 325 at
1173 295 1385 325 humilitatem
1404 293 1575 331 propitium
1591 293 1651 323 sibi
1671 294 1770 322 Deum

163 352 193 376 et
213 347 406 377 exorabilem
427 349 581 379 redderet.
604 350 712 388 Neque
732 351 814 378 enim
832 349 918 377 Deus
937 346 997 376 ulla
1020 355 1051 375 ro
1072 345 1214 384 perinde,
1231 349 1324 384 atque
1342 342 1518 372 voluntaria
1536 343 1676 379 eorporis
1692 341 1772 371 affli-

165 399 314 433 ctatione,
332 398 533 434 conciliatur,
553 399 764 437 lacrymisque
781 395 999 427 misericordia
1016 396 1156 425 vicissim
1174 395 1304 433 rependi
1324 394 1416 424 solet.
1435 405 1448 420 »
1466 393 1605 423 Dubium
1623 393 1774 430 Gregorio

165 450 307 475 nouerat
326 447 402 484 quin
424 447 540 476 sanctis
558 447 587 476 in
606 447 682 477 coelo
698 450 766 475 nota
789 449 894 475 essent
914 448 943 475 et
964 449 1032 474 vota
1052 449 1156 474 nostra
1171 467 1179 478 ,
1199 448 1228 475 et
1246 445 1380 482 plurima
1398 451 1468 481 quae
1491 443 1540 472 hic
1555 442 1696 479 agimus;
1728 442 1774 472 sic

165 495 248 525 enim
265 495 303 525 de
321 495 493 525 Athanasio
507 497 571 534 jam
593 496 653 525 vita
670 497 778 525 functo
799 496 941 534 loquitur
959 494 998 534 (a)
1016 505 1022 524 :
1041 495 1131 524 «Nos
1147 498 1250 524 autem
1271 494 1389 523 utinam
1408 493 1475 531 ipse
1499 492 1658 530 benignus
1678 492 1776 521 desu-

166 553 220 582 per
237 548 267 575 et
284 545 426 582 placidus
443 546 590 583 aspicias,
608 549 703 583 atque
720 545 805 575 hunc
820 544 971 583 populum
988 545 1159 582 gubernes,
1176 543 1347 582 perfectum
1363 542 1507 581 persectae
1521 541 1695 577 Trinitatis,
1708 549 1778 579 quae

166 598 198 628 in
216 599 302 628 Patre
321 602 350 627 et
367 596 450 626 Filio
470 599 497 625 et
516 595 633 634 Spiritu
651 598 760 624 sancto
776 594 964 631 intelligitur
982 598 1012 624 et
1028 593 1156 630 colitur,
1172 594 1390 629 adoratorem3
1410 601 1535 631 meque,
1553 591 1712 629 siquidem
1730 599 1778 620 res

168 652 280 686 pacatae
297 647 409 677 suturae
428 647 504 680 sint,
522 646 552 675 iu
576 644 638 674 vita
658 649 785 680 teneas,
806 653 998 684 gregemque
1023 652 1146 674 mecum
1173 652 1307 682 pascas:
1328 643 1378 672 sin
1401 645 1506 672 autem
1523 640 1663 671 Ecclesia
1688 639 1779 669 bellis

167 697 331 735 ssagriitura
351 700 410 730 est,
428 696 572 730 reducas,
593 698 646 724 aut
666 703 821 729 assumas,
841 698 1009 734 tecumque
1026 698 1055 724 et
1072 702 1144 724 cum
1162 693 1207 723 tui
1225 693 1387 723 similibus
1403 692 1552 726 colloces,
1571 690 1693 720 tametsi
1712 698 1778 719 ma-

168 755 264 784 gnum
281 746 320 775 sit
339 746 423 784 quod
443 745 581 784 postulo.
602 757 615 771 ι.
642 744 708 773 Nou
733 748 852 775 tanti-„u
876 745 1106 779 Athanasium,
1135 743 1190 774 sed
1219 747 1249 772 et
1277 742 1429 772 Basilium
1452 741 1578 770 invocat
1600 744 1629 770 et
1654 739 1782 778 Cypria-

169 805 243 826 num
262 795 321 835 (b);
339 795 505 834 sanctique.
528 794 673 833 martyris
694 794 855 839 cinerilgus
879 795 1005 825 morbos
1027 798 1057 824 et
1079 794 1239 824 daemones
1261 791 1376 829 depelli
1399 791 1507 820 scribit
1524 790 1574 829 (c).
1598 790 1781 820 Sanctorum

174 847 378 885 reliquiarum
396 847 535 879 cultum,
557 843 794 873 invocationem
809 866 817 880 ,
841 844 1103 874 intercessionem
1118 865 1126 877 ,
1153 846 1214 872 tam
1237 849 1319 880 saepe
1342 844 1468 880 tamque
1496 843 1603 878 aperte
1623 841 1783 878 protitetur

169 896 354 934 Gregorius,
373 900 406 924 ut
422 894 451 924 id
471 902 584 931 negare
601 902 671 922 cum
691 893 829 924 haeretici
856 902 918 924 non
946 893 1089 932 possint,
1112 893 1194 931 piam
1220 891 1299 921 hanc
1327 889 1592 920 consuetudinem
1615 898 1726 920 caecam
1752 889 1783 918 in

169 946 260 975 divos
275 944 536 982 superstitionem
551 942 711 981 appellare
725 943 792 973 ausi
807 944 883 973 sint.
904 944 947 973 lta
961 944 1099 973 Dallaeus
1113 942 1155 981 (cl)
1172 953 1179 971 :
1199 953 1212 968 (ι
1227 941 1311 971 Caeca
1327 940 1358 970 in
1374 940 1464 969 divos
1481 938 1675 977 superstitio,
1690 946 1784 977 quain

171 996 222 1026 hic
238 996 305 1026 inse
323 993 497 1032 Gregorius
517 1001 580 1023 non
599 1002 708 1030 parum
728 994 927 1032 promovisse
943 993 1011 1023 suis
1030 997 1059 1023 ct
1077 993 1182 1024 verbis
1200 998 1230 1023 et
1247 991 1401 1029 exemplis
1419 989 1586 1020 videtur.»

895 1077 935 1105 De
950 1075 1065 1114 qratia.

210 1151 312 1187 Quam
328 1150 447 1188 optimo
463 1147 644 1185 Augustino
661 1151 690 1176 et
711 1147 832 1176 Latinis
858 1146 956 1176 Graeci
982 1147 1088 1176 Patres
1114 1146 1144 1175 in
1166 1155 1260 1176 causa
1283 1145 1389 1183 gratiae
1405 1144 1600 1180 assentiant,
1618 1146 1693 1175 satis
1710 1154 1788 1175 con-

173 1204 330 1232 tirmatum
349 1204 407 1235 est,
427 1199 566 1229 maxime
583 1208 598 1227 a
616 1198 803 1227 doctissimo
820 1196 977 1226 Meldensi
996 1197 1166 1234 episcopm
1190 1200 1220 1226 et
1245 1196 1290 1226 vel
1319 1204 1403 1226 unus
1427 1194 1598 1233 Gregorius
1612 1218 1619 1231 ,
1647 1196 1678 1225 in
1703 1200 1787 1226 tauto

173 1252 253 1290 apud
270 1251 394 1281 Graecos
411 1250 538 1280 habitus
557 1248 677 1277 honore
690 1270 698 1284 ‚
717 1247 776 1277 hoc
793 1255 851 1277 suo
868 1246 1019 1284 suffragio
1037 1246 1210 1276 evinceret.
1235 1247 1326 1276 Plura
1343 1247 1405 1285 jam
1422 1247 1459 1275 ab
1477 1247 1656 1285 Augustino
1672 1246 1787 1276 adver-

174 1311 228 1331 sus
248 1301 430 1339 Pelagianos
452 1300 551 1329 nostri
570 1298 723 1336 Tlieologi
744 1298 924 1327 testimonia
946 1295 1065 1334 prolata
1088 1299 1180 1331 sunt,
1201 1296 1343 1334 quaedam
1368 1305 1405 1326 ex
1427 1297 1600 1334 deperditis
1625 1298 1713 1328 libris
1728 1320 1736 1334 ,
1760 1301 1790 1327 et

174 1352 299 1389 singula
318 1356 377 1380 tam
407 1349 573 1387 perspicua
589 1371 596 1384 ,
622 1353 681 1377 tam
707 1347 744 1376 ad
771 1347 1020 1377 controversiam
1040 1345 1270 1383 expediendam
1288 1350 1358 1384 apta
1372 1368 1379 1382 ,
1398 1351 1431 1377 ut
1455 1347 1654 1386 Augustinus
1675 1348 1788 1387 ipsein

175 1401 328 1439 Gregorio
347 1401 447 1439 loqui,
466 1404 494 1430 et
512 1399 685 1437 Gregorius
702 1398 888 1435 Pelagianos
908 1400 950 1426 tot
968 1400 1040 1426 ante
1056 1398 1156 1426 annos
1173 1397 1336 1427 confutare
1354 1397 1492 1428 voluisse
1510 1398 1701 1428 crederetur.
1720 1399 1790 1428 Haec

176 1452 284 1482 lectori
307 1459 379 1481 mox
396 1450 597 1483 constabunt,
615 1448 640 1478 si
658 1449 695 1477 ad
713 1447 867 1478 doctrinae
882 1446 983 1484 capita
999 1455 1071 1484 quai
1087 1447 1280 1476 exhibentur
1296 1447 1457 1485 paulisper
1472 1448 1579 1477 ani-nio
1596 1448 1747 1478 attendat.

215 1501 300 1531 Nihil
323 1509 398 1530 sane
419 1499 517 1538 magis
533 1498 646 1528 auxilii
663 1497 762 1528 divini
781 1496 1002 1527 necessitatem
1018 1497 1143 1535 arguit,
1169 1505 1262 1535 quam
1288 1497 1475 1535 ignorantiae
1498 1497 1690 1536 quotidianae
1705 1497 1791 1527 diffi-

176 1551 320 1586 cultates,
338 1555 367 1581 et
386 1549 541 1584 libidinis,
560 1549 607 1578 vel
630 1549 663 1578 in
684 1547 966 1586 ipsisjustificatis,
986 1547 1172 1576 miserandae
1193 1547 1441 1583 commotiones,
1467 1556 1546 1585 quas
1563 1547 1736 1585 Gregorius
1761 1552 1791 1577 et

178 1602 277 1640 palam
298 1601 463 1631 consessus
473 1605 533 1634 est,
549 1603 577 1629 et
595 1607 699 1628 amare
717 1597 884 1635 ingemuit.
903 1608 916 1623 a
934 1597 1054 1626 invidia
1072 1596 1200 1632 diaboli,
1230 1596 1335 1635 inquit
1359 1597 1406 1635 (e),
1433 1597 1611 1634 persecutio
1642 1596 1792 1626 adversus

177 1652 232 1682 Dei
252 1652 435 1690 figmentum
465 1650 598 1679 excitata
616 1653 687 1678 est:
706 1647 824 1677 idcirco
842 1647 896 1677 Dei
919 1647 1022 1684 imago
1041 1646 1153 1684 probro
1174 1656 1208 1676 ac
1224 1647 1379 1677 dedecore
1394 1648 1502 1677 affecta
1518 1670 1525 1683 ,
1543 1651 1573 1676 et
1589 1647 1794 1685 quemadmo-

180 1701 257 1732 dum
276 1701 422 1731 mandato
440 1708 548 1737 parere
567 1697 796 1731 recusavimus,
813 1697 852 1726 ita
873 1696 1007 1726 licentiae
1022 1695 1139 1725 erroris
1158 1696 1263 1725 traditi
1280 1704 1403 1725 sumus.
1421 1709 1434 1723 »
1453 1697 1572 1727 Bellum
1594 1698 1652 1728 hoc
1668 1699 1793 1728 intesti-

178 1761 272 1786 num,
290 1751 374 1790 quod
397 1759 433 1780 ex
456 1749 550 1779 variis
570 1752 600 1778 et
626 1747 833 1777 militantibus
859 1746 995 1776 invicem
1024 1745 1190 1775 contrariis
1216 1745 1385 1775 desideriis
1412 1746 1491 1776 intra
1520 1756 1576 1777 nos
1612 1748 1794 1786 frequenter

179 1801 333 1840 exsurgit,
353 1804 412 1830 tam
432 1800 545 1829 vividis
562 1798 724 1829 coloribus
743 1797 900 1836 depinxit,
919 1801 979 1825 tam
1000 1804 1133 1826 nervose
1153 1796 1328 1834 expressit,
1351 1799 1383 1825 ut
1401 1797 1620 1834 Augustinus,
1639 1799 1791 1827 adversus

178 1854 361 1892 Pelagianos
379 1852 417 1882 de
438 1851 492 1880 hac
512 1860 543 1880 re
559 1858 655 1887 agens
674 1849 708 1888 (f)
720 1871 727 1884 ‚
741 1849 927 1885 Gregorium
941 1851 1049 1877 testem
1067 1845 1215 1876 adhibere
1232 1854 1295 1875 non
1312 1846 1522 1882 dubitaverit,
1535 1848 1624 1884 cujus
1641 1847 1793 1886 verbaffq)

181 1905 227 1934 sic
257 1904 368 1933 Billius
404 1901 539 1931 reddidit
570 1910 576 1929 :
597 1900 772 1928 «Nondum
800 1898 838 1927 de
869 1898 993 1927 interno
1015 1896 1120 1929 bello,
1137 1901 1230 1933 atque
1257 1896 1288 1924 in
1317 1896 1557 1934 nobismetipsis
1576 1901 1605 1926 et
1625 1897 1654 1925 in
1672 1897 1792 1927 allecti-

182 1956 241 1984 bus
258 1954 332 1990 sito,
352 1952 444 1983 veiba
463 1952 554 1986 facio,
575 1959 637 1989 quo
656 1954 745 1980 nocte
763 1958 797 1979 ac
813 1949 875 1983 die,
895 1948 1006 1986 partim
1029 1947 1163 1980 occulte,
1182 1946 1292 1984 partim
1311 1951 1437 1984 aperte,
1457 1947 1494 1975 ab
1519 1947 1705 1977 humilitatis
1726 1956 1794 1976 cor-

182 2011 256 2042 pore
273 2004 480 2037 divexamur;
498 2006 527 2032 et
546 2003 583 2031 ab
600 2011 633 2031 ea
652 2010 721 2039 quae
739 2009 796 2029 nos
815 2009 868 2037 per
884 2008 1009 2034 sensus,
1024 2002 1117 2036 atquc
1131 1997 1188 2026 alia
1211 1997 1305 2035 hujus
1324 1996 1394 2025 vnae
1407 1996 1649 2031 oblectamenta,
1665 2005 1792 2026 sursum

181 2055 398 2091 deorsumque
421 2058 535 2087 versat,
549 2052 733 2090 jactatione,
751 2055 844 2089 atque
862 2059 876 2078 a
897 2049 961 2077 luto
978 2047 1073 2081 siccis,
1091 2047 1140 2076 cui
1159 2046 1243 2075 intixi
1261 2055 1390 2081 sumus,
1412 2050 1443 2075 et
1465 2055 1480 2075 a
1508 2047 1625 2084 peccati
1644 2046 1711 2083 lego
1728 2047 1796 2084 spi-

184 2105 263 2134 ritus
285 2104 342 2141 legi
363 2106 570 2141 repugnante,
587 2101 771 2139 regiamque
790 2101 820 2129 in
838 2099 929 2128 nobis
946 2097 1127 2135 imaginem,
1147 2100 1175 2126 et
1192 2096 1348 2135 quidquid
1366 2096 1481 2125 divinae
1494 2096 1686 2125 defluxionis
1701 2096 1791 2125 nobis

184 2156 364 2191 inspersum
385 2158 444 2187 est,
463 2162 666 2190 corrumpere
684 2156 831 2181 conante.
858 2151 916 2179 Vix
942 2156 1034 2186 porro
1057 2147 1225 2185 quisquam
1243 2167 1250 2179 ‚
1273 2155 1330 2175 nec
1346 2146 1406 2175 nisi
1428 2146 1577 2175 diuturna
1597 2146 1795 2184 philosophia

184 2204 326 2241 seipsum
344 2204 515 2235 donmerit,
535 2207 630 2240 atque
646 2202 760 2230 animm
777 2200 976 2229 nobilitatem
996 2203 1025 2228 et
1043 2197 1213 2226 claritatem
1231 2197 1267 2225 ab
1296 2204 1333 2225 eo
1354 2196 1439 2234 quod
1465 2196 1586 2225 humile
1611 2199 1657 2225 est
1679 2199 1795 2225 etcum

186 2255 325 2284 tenebris
343 2255 561 2291 conjunctum,
596 2253 741 2290 paulatim
760 2250 943 2289 abripuerit,
963 2248 1008 2277 vel
1028 2249 1125 2277 Deum
1143 2246 1314 2285 propitium
1335 2250 1443 2275 nactus
1460 2246 1510 2279 sit,
1527 2251 1578 2274 aut
1596 2245 1687 2274 ctiam
1704 2244 1796 2274 ambo

187 2305 250 2333 haec
273 2304 430 2335 habuerit.
449 2308 542 2340 atque
561 2303 597 2331 ad
619 2302 728 2331 oculos
744 2310 872 2330 sursum
892 2299 1059 2336 erigendos
1082 2305 1173 2334 quain
1203 2295 1341 2324 maxime
1367 2302 1436 2323 sese
1465 2294 1662 2328 exercuerit,
1689 2294 1798 2331 ‹lepri-

188 2359 326 2384 mentem
351 2354 512 2382 materiam
535 2360 687 2389 superare
703 2355 809 2388 (ineat.
825 2362 838 2377 »
859 2350 888 2379 si
908 2355 1078 2386 congerere
1097 2346 1203 2375 omnia
1221 2353 1289 2383 quic
1306 2348 1433 2373 sanctus
1452 2344 1560 2373 doctor
1575 2344 1612 2371 dc
1631 2343 1688 2372 hoc
1703 2351 1797 2380 argu-

191 2409 296 2434 mento
315 2404 467 2432 disseruit
483 2403 720 2439 susciperemus
734 2423 740 2434 ,
760 2401 908 2429 volumen
933 2408 1011 2436 pene
1034 2398 1189 2433 integrum
1217 2394 1460 2423 exscribendum
1490 2397 1571 2421 esset
1591 2403 1597 2421 ;
1616 2393 1772 2430 siquidem
1790 2417 1796 2427 ,
1836 2408 1838 2410 -

188 2457 223 2483 ad
244 2454 372 2483 intimos
394 2453 518 2490 pietatis
537 2460 652 2482 sensus
671 2451 819 2480 cordibus
839 2448 1050 2482 instillandos,
1069 2446 1146 2475 nihil
1167 2444 1271 2483 aptius
1304 2443 1497 2473 inhumanis
1521 2443 1677 2481 judicavit
1703 2451 1796 2479 quain

194 2505 404 2542 irripientcin,
421 2511 489 2539 quie
507 2511 564 2530 nos
583 2501 726 2538 undique
743 2503 902 2536 premunt,
921 2497 1116 2527 miseriarum
1146 2493 1443 2528 enumerationc1n3
1470 2501 1539 2521 cum
1564 2498 1592 2521 et
1617 2491 1796 2528 superbiam

193 2553 363 2583 retundere
382 2556 411 2579 vt
429 2553 465 2580 ad
484 2551 693 2580 humilitatem
726 2549 967 2585 orationemque
990 2546 1160 2576 accendi-ro
1185 2549 1244 2573 tam
1268 2542 1435 2573 salubriter
1461 2541 1591 2571 valcant.
1616 2539 1797 2578 Legendum

191 2603 328 2632 maxime
348 2611 471 2631 carmen
490 2601 596 2630 :lenite
614 2600 696 2638 quod
717 2599 955 2627 1)c‹mi1nwsuae
973 2593 1201 2625 calamitatibus
1220 2592 1405 2630 inscriptum
1425 2597 1468 2620 cst
1482 2612 1489 2625 ,
1511 2591 1601 2628 cujus
1618 2590 1682 2620 hirec
1699 2596 1797 2628 pauca

192 2660 382 2689 proruamus.

225 2735 262 2766 (a)
276 2733 322 2759 01¹.
337 2734 382 2760 ⁴2l,
399 2742 424 2760 n.
443 2733 486 2758 «Τι’.
1064 2732 1095 2763 te)
1106 2730 1150 2754 ()ι·.
1162 2729 1204 2757 31),
1219 2737 1243 2752 ιι.
1261 2727 1286 2753 7,

227 2770 262 2798 (bt
281 2769 326 2794 Or.
346 2769 389 2797 45,
407 2777 432 2793 ιι,
454 2769 496 2793 Sl.
1062 2766 1093 2797 (Ι)
1110 2764 1165 2789 Lih.
1182 2771 1197 2788 ιι
1214 2769 1280 2787 smil.
1303 2761 1370 2790 Aul..
1389 2769 1413 2785 ιι,
1432 2760 1454 2784 Τ.

228 2804 263 2835 (Γ)
277 2804 321 2828 ()ι·.
336 2804 379 2830 24,
398 2812 422 2828 ιι.
439 2804 469 2828 1⁴.»
487 2808 511 2827 ct
529 2804 568 2828 ιδ’.
1061 2804 1095 2831 211)
1113 2801 1157 2824 ()ι·.
1171 2798 1196 2829 ⁹2,
1213 2806 1237 2822 ιι.
1253 2797 1294 2821 {ll-

230 2837 267 2871 td)
281 2838 344 2865 :hita
361 2837 417 2863 Lut.
435 2840 502 2862 crati.
519 2838 552 2862 Dr
568 2839 612 2863 ιιΙ,
629 2838 708 2866 tulin,
725 2845 737 2869 p
762 2836 794 2861 ἒξ)
