1838 3046
162 87 193 112 79
651 83 834 110 PRAEFATIO
855 82 1058 110 GENERALIS.
1082 97 1115 101 ——-
1134 81 1224 108 PARS
1244 82 1276 108 11.
1749 84 1783 110 80

163 147 236 177 tam,
255 143 309 182 qui
331 143 415 173 nulla
445 143 566 174 ratione
583 152 696 183 passus
713 153 782 175 sum
803 145 835 174 in
855 153 889 174 ea
914 153 964 174 me
980 143 1142 179 collocari,
1160 151 1255 181 quam
1270 143 1342 182 jure
1357 143 1546 182 aequissimo
1563 143 1709 175 obtinere
1727 153 1784 184 po·
1807 172 1811 176 .

162 195 273 224 teram.
294 206 305 221 n

203 246 390 283 Legitimam
405 247 490 277 enim
507 247 605 282 illam,
631 250 666 277 ut
681 247 721 277 ita
743 247 865 285 loquar,
883 257 895 273 (ι
925 245 1246 281 inthronizationem,
1266 256 1279 273 »
1298 244 1427 276 ἔνθεσμον
1440 244 1556 279 ἵδρυσιν,
1572 253 1634 274 non
1657 244 1783 280 factam,

162 295 217 323 sed
238 289 373 326 oblatam
389 307 396 332 ;
415 305 476 327 non
497 298 641 328 traditam
655 320 663 334 ‚
686 302 718 328 ut
738 297 853 327 Billius
874 296 999 332 reddit,
1017 296 1071 325 sed
1089 295 1275 325 tradendam
1297 303 1428 325 uxorem
1445 295 1620 332 Gregorius
1640 316 1648 330 ,
1677 294 1703 324 si
1737 294 1784 324 fas

163 349 210 374 est
230 344 346 382 dicere,
363 346 547 386 dereliquit.
566 348 631 377 Nec
649 348 766 377 incerta
794 355 845 377 res
863 357 869 375 :
887 346 974 375 illam
993 345 1127 384 probant
1143 353 1254 375 versus
1283 344 1433 374 carminis
1456 345 1495 373 De
1511 344 1575 373 vila
1594 353 1650 373 sua
1678 343 1734 373 5¹41
1755 349 1786 373 et

163 404 230 433 seq.
249 396 286 426 Et
306 401 390 427 certe
407 399 526 428 nemini
545 399 679 428 dubium
699 407 769 427 esse
787 401 900 436 potest,
922 396 999 435 quin
1017 395 1176 432 universi,
1194 404 1257 426 non
1279 399 1398 426 tautum
1419 394 1603 434 provinciae,
1623 394 1676 424 sed
1699 395 1785 425 orbis

163 446 274 482 totius,
293 456 387 485 quam
406 448 466 477 late
482 451 588 486 patet,
606 447 759 486 praeStJles
778 444 815 476 ad
845 446 1046 477 evehendum
1076 446 1269 484 Gregorium
1302 446 1340 476 ad
1360 446 1579 484 episcopatum
1598 466 1605 480 ,
1625 453 1681 474 seu
1702 445 1787 474 Sasi-

163 506 318 533 mensem,
332 508 387 530 seu
403 500 636 530 Nazianzenum
661 500 796 529 libenter
812 499 1062 537 conspirassent,
1075 499 1101 528 si
1114 499 1182 537 ipse
1199 497 1429 528 consensisset.
1448 507 1462 524 «
1481 497 1542 527 Nec
1563 496 1661 532 enim,
1681 495 1786 534 inquit

162 548 200 577 du
217 556 251 578 se
267 549 336 588 ipso
354 550 406 588 (a),
423 550 502 580 adeo
521 550 678 588 episeopis
698 549 896 588 contemptui
910 558 1034 584 sumus,
1052 553 1084 579 ut
1100 549 1199 579 alium
1221 552 1369 578 manente
1389 557 1438 577 me
1456 547 1698 577 renuntiarent:
1721 557 1734 573 »
1749 553 1786 574 eo

162 606 260 628 sensu
285 607 324 628 ne
343 610 356 626 «
376 599 534 637 propriam
559 600 690 638 quidem
711 607 859 635 uxorem,
877 610 891 626 n
907 599 1055 629 sedemve.
1081 598 1266 636 legitimam,
1288 609 1302 625 «
1324 598 1439 628 habere
1459 609 1472 624 »
1493 597 1635 627 voluisse
1650 596 1784 626 creden-

161 649 220 679 dus
237 652 296 680 est.
310 649 447 679 Leviora
464 653 539 679 sunt
559 658 628 688 quse
645 649 959 687 objicin111t1r‚quo‹l
978 649 1151 686 Gregorius
1169 660 1182 675 α
1206 657 1281 678 suos
1298 660 1311 675 »
1330 648 1466 685 appellat
1481 647 1697 677 Nazianzenos
1718 646 1758 686 (b)
1777 657 1784 676 :

163 708 176 724 a
194 698 244 728 sui
264 698 436 737 »profecto
450 703 550 734 erant,
569 698 679 736 patria,
698 698 909 733 habitatione,
926 698 1054 733 atl'ectu,
1075 707 1150 728 cura
1166 707 1201 728 ac
1218 697 1440 728 sollicitudine
1465 706 1589 733 eorum,
1608 706 1702 736 qnam
1720 698 1785 736 plu-

161 750 224 780 ries
240 750 392 789 suscepit,
411 750 479 780 sive
495 751 570 780 dum
588 755 674 788 pater
685 750 777 779 senio
794 749 957 779 consectus
976 752 1139 788 superstes
1158 753 1254 784 esset,
1274 749 1341 779 sive
1358 752 1427 788 post
1442 753 1574 779 mortem
1593 747 1785 786 ipsius,siva

162 803 231 837 post
253 800 426 830 abdicatam
445 800 551 830 sedem
569 799 976 837 Constantioopolitanam,
995 799 1049 829 sed
1071 808 1237 839 nunquam
1255 802 1287 829 ut
1307 799 1455 837 proprius
1473 807 1584 829 eorum
1600 799 1784 837 episcopus.

160 852 211 881 Sat
228 851 266 882 de
282 851 453 881 Sasimensi
471 854 499 881 et
515 850 715 880 Nazianzeno
733 850 972 888 episcopatibus
986 850 1106 880 dictum
1119 873 1127 887 ‚
1143 855 1239 888 atque
1265 849 1359 879 etiam
1380 849 1469 888 plura
1487 849 1595 880 forsan
1613 858 1707 888 quam
1725 858 1784 880 ne-

162 910 250 933 cesse
273 905 348 932 erat.

201 955 324 984 Ametis
341 952 513 983 Sasimensi
539 956 569 982 et
594 951 802 981 Nazianzeno
821 950 1059 990 episcopatibus
1073 973 1081 987 ‚
1101 959 1184 989 qnos
1213 958 1379 988 nunquam
1401 960 1416 981 a
1434 951 1588 989 Gregorio
1615 955 1786 990 occupatos

161 1006 521 1036 fuissedemonstratum
539 1002 632 1032 nobis
646 1002 784 1039 videtur,
802 1006 951 1040 superest
968 1006 1001 1031 ut
1015 1001 1061 1031 vel
1077 1002 1216 1038 nullius,
1235 1003 1285 1032 vet
1307 1010 1382 1032 sane
1402 1001 1491 1031 urbis
1513 1002 1786 1041 constantin-›po-

164 1058 213 1093 lis,
231 1065 289 1086 nec
305 1055 365 1085 nisi
382 1053 680 1092 Constantinopolis
701 1053 870 1091 episcopus
888 1053 1090 1082 renuntiatus
1109 1046 1203 1082 suerit
1224 1052 1414 1090 Gregorius.
1437 1052 1786 1091 constantinopolitani

161 1110 303 1150 episcopi
323 1108 453 1138 titulum
475 1106 622 1145 plerique
641 1114 735 1137 manu
753 1105 870 1136 exarati
890 1105 1015 1135 codices
1041 1104 1211 1141 praeferunt
1229 1116 1237 1141 3
1255 1104 1645 1142 Constantiuopolitauum
1677 1115 1787 1136 revera

161 1161 346 1199 episcopum
366 1156 468 1187 fuisse
486 1165 534 1186 res
554 1156 619 1194 ipsa
637 1155 792 1194 loquitur,
814 1154 990 1192 loquuntur
1008 1158 1073 1184 acta
1092 1154 1406 1198 scriptaqueomnia.
1425 1155 1523 1184 Tanta
1540 1155 1670 1186 fuerunt
1687 1168 1700 1183 a
1718 1156 1786 1195 ple-

161 1210 222 1246 bis,
238 1215 472 1247 possessorum,
486 1219 499 1233 υ
526 1210 558 1236 ut
590 1213 729 1236 canones
764 1204 995 1244 praescribunt,
1013 1215 1026 1231 ει
1048 1204 1312 1240 clarissimorum,
1344 1204 1556 1242 imperatoris,
1597 1205 1685 1241 cleri,
1719 1207 1786 1246 epi-

161 1268 343 1299 scoporum,
361 1270 374 1286 »
396 1258 537 1288 virorum
554 1257 649 1286 etiam
674 1264 708 1286 ac
738 1255 932 1291 mulierum,
950 1255 1138 1292 Gregorium
1172 1255 1340 1292 praesulem
1368 1255 1598 1291 postulantium
1626 1257 1731 1287 studia
1757 1262 1784 1288 et

162 1317 245 1348 vota,
264 1315 295 1342 ut
313 1319 406 1341 nemo
420 1310 508 1345 satis,
527 1309 587 1339 nisi
608 1308 784 1346 Gregorius
804 1308 883 1346 ipse,
908 1307 1015 1338 verbis
1035 1308 1244 1345 expresserit.
1262 1307 1340 1336 Cum
1356 1307 1557 1338 Theodosius
1587 1309 1675 1339 urbis
1701 1310 1784 1340 Con-

161 1363 451 1401 stantinopolitanae
470 1361 620 1391 ecclesias
638 1360 809 1390 Catholicis
827 1359 982 1394 restituit,
1003 1368 1130 1397 unaque
1150 1368 1220 1389 cum
1247 1368 1284 1389 eo
1299 1359 1449 1397 majorem
1466 1360 1627 1390 basilicam
1648 1362 1784 1392 Theolo-

160 1423 219 1452 gus
234 1414 358 1449 subiit,
378 1412 432 1450 qui
452 1412 539 1449 prius
556 1414 622 1440 erat
640 1411 671 1440 in
692 1409 803 1440 nubilo
820 1410 865 1439 sol
887 1409 1025 1439 refulsit.
1043 1420 1056 1435 «
1075 1409 1121 1438 lbi
1138 1430 1146 1443 ‚
1164 1420 1177 1435 »
1198 1409 1302 1447 iuquit
1331 1409 1507 1447 Gregorius
1528 1409 1579 1447 (c),
1600 1422 1614 1437 «
1633 1419 1703 1441 eum
1728 1411 1783 1441 hoc

161 1464 341 1503 spectaculo
361 1462 514 1493 subiisset
535 1461 658 1491 animos
675 1461 801 1495 fiducia,
822 1472 835 1488 »
856 1468 927 1498 quae
946 1460 1053 1490 aderat
1069 1459 1242 1489 multitudo
1263 1461 1428 1489 «clamare
1447 1460 1521 1490 totis
1537 1461 1659 1491 viribus
1676 1470 1710 1491 ac
1727 1462 1782 1492 de-

161 1523 291 1552 poscere
308 1522 379 1549 nos,
398 1512 428 1542 in
446 1512 688 1551 praesentiarum
714 1522 726 1537 n
751 1510 834 1539 haud
852 1510 973 1539 aliter«
992 1519 1027 1539 ac
1058 1510 1084 1539 si
1109 1510 1168 1539 hoc
1199 1518 1297 1539 uuum
1316 1510 1491 1545 defuisset3
1511 1510 1725 1550 princepsque
1753 1520 1781 1542 a(

166 1564 341 1594 maximum
358 1571 373 1593 a
391 1571 519 1593 summo
536 1561 677 1600 principe
696 1561 755 1590 hoc
770 1559 890 1590 civitati
906 1559 973 1589 fore
991 1559 1113 1589 thronis
1130 1559 1209 1598 ipsis
1236 1560 1496 1597 anteponendum
1515 1569 1643 1596 munus,
1657 1562 1681 1591 si
1700 1562 1781 1592 urbis

162 1613 242 1644 solio
262 1625 276 1641 »
297 1612 497 1651 episcopali«
519 1611 556 1641 ab
576 1611 644 1649 ipso
661 1612 866 1640 donaremur.
884 1610 952 1639 Hoc
971 1609 1027 1638 viri
1046 1609 1204 1657 dignitate
1223 1609 1395 1647 praecipui,
1415 1609 1473 1639 hoc
1500 1609 1644 1640 infimum
1673 1612 1781 1650 vulguf

161 1664 308 1702 agitabat.
334 1664 452 1704 Omnes
483 1670 522 1692 ex
549 1669 641 1700 aequo
672 1669 736 1690 rem
765 1660 1012 1694 desiderabant,
1039 1659 1104 1698 pari
1132 1659 1304 1697 flagrabant
1337 1659 1518 1690 desiderio:
1537 1660 1595 1691 hoc
1622 1661 1683 1692 alta
1712 1670 1780 1692 voc(

162 1714 313 1744 mulieres
330 1713 550 1749 inclamabant,
571 1720 650 1750 pene
669 1711 804 1749 amplius
824 1719 921 1750 quam
951 1710 1104 1740 mulieres
1132 1711 1270 1740 deceret.
1289 1711 1480 1742 Incredibile
1499 1713 1780 1752 quoddam,reper-

161 1773 256 1796 cusso
275 1765 409 1803 fragore.
427 1763 546 1794 tonitru
572 1762 807 1793 audiebatur.»

200 1816 290 1846 Tunc
305 1815 434 1854 quidem
452 1814 525 1844 vicit
544 1812 698 1850 Theologi
717 1811 871 1841 modestia
891 1810 947 1850 (d).
968 1819 1073 1849 neque
1096 1813 1162 1840 tum
1191 1811 1257 1848 cogi
1277 1812 1383 1849 potuit
1410 1816 1443 1843 ut
1459 1814 1639 1853 episcopale
1667 1816 1781 1847 solium

160 1868 390 1899 conscenderet
412 1878 418 1897 z
440 1874 551 1898 verum
586 1865 624 1895 ad
657 1864 796 1902 agendas
827 1863 883 1892 uni
916 1863 984 1892 Deo
1013 1863 1130 1900 gratias
1157 1864 1266 1901 populi
1296 1864 1401 1894 studia
1432 1865 1480 1895 vir
1506 1865 1636 1896 divinus
1651 1890 1658 1904 ,
1687 1867 1777 1897 θειόεα

160 1927 216 1950 τος,
235 1919 364 1956 provida
393 1917 582 1948 dexteritate
609 1914 766 1944 convertit
783 1913 832 1952 (e).
851 1914 932 1942 Tam
962 1912 1106 1942 unanimi
1135 1912 1280 1942 omnium
1305 1915 1454 1944 ordinum
1474 1916 1692 1953 postulationi,
1725 1924 1783 1948 tani

161 1972 346 2002 ardentibus
365 1970 444 1999 votis
460 1972 489 1998 et
506 1966 713 2001 clamoribus,
734 1965 958 2002 cpiscoporum
975 1985 982 1998 ,
1005 1964 1205 2002 plenariique
1223 1965 1350 1994 concilii
1371 1966 1543 2003 provincia·
1568 1977 1630 1997 non
1651 1973 1781 2007 tautum,

161 2023 216 2052 sed
235 2021 375 2052 Orientis
399 2021 491 2050 etiam
511 2027 591 2057 peno
621 2017 719 2047 totius
738 2020 769 2045 et
797 2016 1001 2046 oecumenicae
1027 2016 1141 2053 synodi
1175 2016 1329 2054 suffragia
1361 2018 1548 2048 solemniter
1567 2027 1784 2052 accesserunt.

163 2071 352 2110 «Quidquid
373 2071 500 2104 Oriens,
515 2068 617 2107 inquit
635 2068 685 2105 (f),
701 2066 849 2100 habebat,
861 2069 990 2104 excepta
1001 2066 1153 2104 AEgypto,
1169 2067 1277 2104 populi
1290 2067 1467 2097 antistitum
1484 2068 1520 2098 ad
1535 2069 1664 2100 Romam
1684 2080 1783 2110 usque

161 2125 345 2158 secundam,
364 2126 453 2152 terrae
468 2120 627 2159 marisque
642 2128 680 2148 ex
699 2118 877 2148 recessibus
896 2118 1017 2147 intimis
1034 2117 1224 2147 concitatum
1244 2119 1316 2148 coit.
1333 2119 1390 2148 His
1406 2120 1594 2157 praesidebat
1611 2123 1781 2161 vir‘pietate

162 2176 318 2205 maximus
325 2197 384 2205 .....
402 2172 544 2203 moribus
576 2170 716 2200 mellitus
746 2168 916 2208 (Mc-letius)
944 2172 973 2198 et
994 2168 1135 2198 nomine.
1157 2169 1193 2198 lli
1216 2178 1264 2198 me
1281 2169 1437 2199 collocant
1462 2171 1665 2211 firmantque,
1686 2175 1783 2209 πήξαν-

158 2235 214 2260 τες,
235 2227 264 2255 in
280 2228 412 2263 angusta
429 2222 504 2253 sede
521 2221 707 2252 clamantem
725 2223 990 2258 geinentemthe,
1019 2227 1078 2248 una
1098 2222 1201 2249 tamen
1229 2219 1268 2250 dc
1289 2229 1384 2251 causa
1405 2229 1467 2251 non
1487 2221 1580 2259 plano
1600 2232 1781 2261 repugnan-

161 2283 233 2310 [cm.
254 2289 267 2305 n

199 2328 256 2358 Sed
273 2335 329 2357 uec
348 2325 567 2365 AEgyptiorum
591 2324 685 2353 etiam
699 2321 844 2352 defuisse
861 2321 988 2351 videtur
1004 2329 1194 2357 consensus,
1210 2330 1290 2360 quos
1309 2324 1440 2362 quidem
1454 2325 1590 2355 maxime
1611 2325 1659 2356 his
1679 2327 1782 2358 verbis

160 2378 332 2417 alloquitur
353 2377 525 2413 Gf[.5.,p1115
539 2373 579 2412 (9)
599 2383 607 2402 ς
625 2384 637 2398 α
661 2371 750 2404 Ueri,
770 2374 803 2400 ut
818 2370 859 2399 ita
878 2371 995 2404 dicam,
1014 2370 1226 2405 inthronistae,
1246 2371 1583 2411 lindiopersecutoreS‚
1601 2384 1636 2406 ac
1654 2386 1670 2407 e
1695 2378 1781 2407 thro-

160 2439 213 2466 no,
233 2431 265 2459 in
282 2436 345 2468 quo
363 2436 411 2457 me
435 2424 615 2456 collocastis
629 2448 637 2460 ,
655 2423 875 2453 deturbantes.
895 2433 908 2449 »
928 2421 1148 2460 Coujecturam
1177 2427 1324 2453 astruunt
1344 2426 1496 2455 carminis
1515 2427 1658 2465 ejusdem
1678 2430 1782 2459 versi-

160 2479 222 2510 culi
243 2480 319 2509 1810
333 2477 463 2512 et1811,
491 2474 608 2513 quihus
633 2476 766 2502 testatur
777 2471 948 2509 AEgyptios
969 2472 1099 2501 minime
1121 2473 1261 2503 voluisse
1279 2475 1309 2504 in
1327 2475 1438 2506 throno
1455 2476 1781 2517 Constantinopolita-

161 2541 201 2562 no
222 2533 353 2562 alterum
371 2539 385 2559 a
402 2538 435 2558 se
451 2527 605 2557 collocare
625 2535 631 2554 :
650 2525 730 2562 quin
747 2528 775 2553 et
797 2523 954 2552 contraria
977 2523 1132 2561 Gregorio
1152 2525 1210 2562 ipsi
1242 2527 1374 2556 omnino
1406 2528 1598 2565 persuadere
1620 2532 1780 2562 conaban-

161 2588 220 2615 tur,
239 2583 318 2612 adeo
336 2585 368 2611 ut
381 2579 498 2610 nullius
514 2577 546 2607 in
563 2573 780 2606 toto-concilio
794 2573 933 2610 generali
952 2581 1130 2604 consensus
1149 2578 1246 2613 utque
1261 2576 1448 2614 suffragium
1466 2577 1607 2609 defuisse
1625 2575 1778 2611 videatur.

194 2690 232 2723 (a)
253 2689 299 2723 Ep.
322 2689 356 2714 al.
378 2690 421 2715 ,tt-2.
1031 2688 1064 2720 (e)
1086 2687 1246 2713 Thoodoret.
1268 2687 1336 2713 Hisl.
1359 2688 1406 2714 lib.
1424 2695 1451 2717 v,
1472 2695 1495 2713 e.
1511 2688 1538 2715 8.

197 2727 233 2758 (b)
255 2726 343 2750 (λιι-ιιι.
367 2724 403 2749 [ὴ-
421 2724 474 2749 suis
490 2722 606 2749 calamit.
1030 2727 1061 2754 (l)
1083 2723 1172 2747 (hu-ni.
1195 2723 1230 2748 De
1254 2729 1304 2748 rita
1321 2732 1378 2755 suu,
1397 2731 1421 2749 v.
1442 2723 1521 2750 1507.

195 2761 229 2791 (c)
255 2760 290 2785 De
307 2760 380 2784 tetrus
393 2760 457 2787 suis„
474 2766 498 2783 v.
517 2757 582 2783 1372
595 2761 620 2782 et
637 2764 693 2789 sitq.
1029 2760 1063 2792 (μ)
1086 2757 1162 2788 laid„
1180 2766 1203 2783 v.
1220 2758 1283 2784 1951

195 2797 233 2829 td)
255 2795 343 2821 Carni.
364 2794 399 2820 Dc
422 2800 469 2820 rita
485 2802 541 2819 suu.
558 2800 581 2817 v.
599 2792 673 2818 1395.
