1838 3046
104 91 153 115 is:

755 97 832 122 t'tTA
857 97 884 123 S.
907 98 1080 125 (stilicone.

1675 105 1722 131 135

102 157 161 173 cum
186 147 238 173 ono
257 149 402 180 metum-ci,
425 159 454 177 ac
478 152 571 180 dextro
590 155 722 187 quondam
735 157 828 182 ordine
848 157 885 182 di-
903 160 922 185 Α
940 157 1071 190 Ecclesia,
1084 158 1229 193 Gregorius
1245 161 1385 191 obmutuit,
1405 166 1432 186 nt
1447 161 1501 194 ipse
1517 166 1638 187 testatur.
1655 162 1726 188 Non-

102 203 171 227 gnus
190 196 347 228 haberetur,
365 203 445 232 atque
457 199 537 226 etiam
555 201 640 233 brevi,
663 207 690 228 nt
706 203 821 235 conlido,
844 204 888 229 hn-

103 241 218 268 beliitur.
238 242 306 269 liaud
327 244 383 269 scio
399 252 450 278 qua
466 253 493 272 re
513 252 674 279 commotus,
700 254 809 282 repente
826 257 889 274 ean-

102 292 157 313 tum
175 288 201 314 in
217 290 350 316 diversum
374 297 470 324 mutat,
499 293 604 329 alioque
633 295 713 328 gradu
741 301 820 329 atque
846 304 889 322 or-

101 334 163 359 dine
182 342 242 361 sese
259 335 389 368 collocat:
419 346 450 365 ac
478 347 511 365 ne
535 341 569 367 ob
593 348 762 367 connnunent
782 342 888 374 quidem

102 379 231 412 helitiam,
257 382 327 415 quod
345 383 425 410 etiam
443 385 528 418 magis
543 386 636 417 miror,
651 386 745 412 adduci
760 391 846 419 potest
862 393 890 413 nt

102 426 242 452 nobiscnm
259 428 448 463 conjungatur.
461 440 469 455 ι
489 431 549 458 llrec
565 432 684 465 prosectu
700 433 791 464 verba,
810 442 818 458 c
830 441 888 460 cnm

104 470 179 503 prins
194 472 346 499 cautionem
419 475 559 502 nobiscum
577 476 629 502 Deo
644 477 778 503 accinerct
849 476 890 504 r‘e-

102 522 180 549 pente
195 523 301 544 cantum
318 519 343 544 in
366 520 501 547 diversum
529 526 624 552 mutat,
640 531 649 547 ι
677 522 816 549 dissidium
834 532 889 549 mo-

102 563 248 590 nachorum
266 572 360 591 recens
377 572 464 592 ortum
499 567 581 594 tuisse
596 567 716 594 indicant
743 569 824 602 satis;
842 577 891 596 nec

103 616 154 635 non
170 617 231 643 spes
251 610 356 637 illorum
385 613 496 644 reditus,
514 613 610 640 lenitas
625 622 676 647 qua
696 623 742 641 eos
759 623 786 641 nt
805 624 889 641 mem--

102 654 148 680 bra
166 664 212 682 sua
228 657 413 690 complectitur
426 658 572 692 Gregorius
588 659 641 694 (a);
655 668 684 687 ac
701 661 806 688 demum
819 663 889 696 qnod

103 708 154 727 noa
169 702 250 729 semel
269 703 305 729 ait
320 703 356 737 (b)
373 706 519 731 monachos
536 707 656 733 omnium
670 712 820 741 postremos
834 709 885 735 dis-

102 748 227 774 cessisse.
251 747 288 774 Ex
317 749 358 775 liis
375 750 455 776 ctiam
477 751 579 784 pariter
603 753 744 778 coniicitur
757 759 890 781 recentem

103 800 208 826 quoque
235 794 317 820 fuisse
341 794 462 829 Gregorii
489 797 726 831 subscriptionem,
753 799 794 825 vel
819 805 891 826 certe

103 848 162 866 cnm
179 848 229 866 uon
247 840 323 875 longe
350 848 427 868 antea
450 844 651 878 subscripsisse.
682 846 785 872 Etenim
802 847 823 872 si
841 848 889 872 sul»
908 838 928 864 Β

102 885 270 917 Constantio,
292 895 361 914 anno
392 888 443 915 560
461 890 501 916 vel
525 891 586 922 561,
616 893 820 926 subscripsisset
835 895 889 926 epi-

104 938 198 964 scopus
215 931 411 965 Nazianzenus,
440 936 574 968 quomodo
591 938 713 963 monachi
729 938 889 971 indignatio-

106 983 165 1001 ιιειιι
180 984 256 1002 suam
277 977 309 1002 ad
328 986 426 1004 anunm
445 986 528 1012 nsque
542 979 594 1006 365
606 981 686 1006 cordo
711 982 890 1015 pressissent?

103 1021 156 1047 Αιιι
169 1023 190 1048 si
208 1023 299 1049 tandin
314 1029 479 1057 presserunt,
495 1033 544 1052 eur
557 1026 746 1053 discessionem
760 1027 847 1053 subito
864 1033 890 1054 et

104 1069 235 1102 praecipiti
250 1070 363 1096 consilio
390 1071 484 1098 tribuit
505 1071 673 1107 Gregorius?
688 1075 836 1106 Quomodo,
852 1075 890 1100 in—

105 1113 195 1145 quam,
214 1112 425 1147 indignationem
438 1123 511 1142 suant
523 1120 576 1142 tam
595 1117 672 1152 longo
685 1124 803 1152 tempore
817 1127 891 1151 pres-

104 1158 202 1184 sissent
233 1160 368 1190 monachi,
385 1168 452 1194 quos
467 1161 523 1195 ipse
539 1162 574 1196 (c)
605 1172 613 1187 ι
629 1163 818 1190 ferventiorem
836 1165 885 1191 Ec-

104 1203 190 1230 clesiae
224 1209 325 1237 partem
343 1206 479 1239 appellat?
497 1207 558 1240 Qui,
577 1218 585 1234 ι
615 1213 644 1235 ut
660 1210 729 1236 idem
744 1210 888 1245 Gregorius

104 1249 140 1275 ait
157 1250 181 1275 in
202 1250 253 1276 alia
277 1251 398 1277 oratione
413 1252 463 1286 (d),
488 1254 613 1279 «tametsi
633 1254 731 1287 alioqui
748 1256 834 1288 pacati
859 1264 889 1282 ac

104 1296 233 1322 moderati
248 1296 310 1328 sint,
328 1296 377 1323 hac
398 1302 485 1324 tamen
501 1298 526 1324 in
553 1307 581 1325 re
596 1300 668 1326 lenes
682 1305 708 1326 et
724 1300 815 1327 faciles
827 1310 886 1327 esse

104 1348 154 1366 non
171 1341 315 1374 sustinent,
334 1350 394 1368 cum
425 1349 471 1376 per
499 1343 634 1370 silentium
665 1350 691 1371 et
709 1345 825 1378 quletum
844 1346 888 1372 Dei

103 1394 182 1412 cansa
200 1387 338 1420 proditnr;
355 1395 447 1415 verum
466 1389 508 1415 liic
521 1390 665 1416 admodum
680 1391 795 1417 bellaces
815 1397 886 1421 sunt,

104 1437 184 1466 atque
211 1433 236 1458 in
254 1433 419 1467 confligendo
445 1443 521 1462 acres
547 1440 572 1461 et
596 1435 710 1467 seroces,
739 1431 889 1469 hujusmodi

941 204 1002 229 dum
1020 211 1084 236 ergo
1098 204 1206 230 discissa
1234 209 1299 236 erat,
1319 213 1379 232 cum
1408 206 1508 238 primos
1521 210 1573 232 tres
1595 207 1627 233 ad
1644 215 1721 241 popu·

941 249 994 274 lum
1013 256 1150 275 sermones
1170 250 1263 276 babuit
1286 258 1356 276 :inno
1372 251 1432 276 502.
1467 250 1546 284 l‹lqne
1569 252 1648 278 etiam
1665 254 1726 279 indo

942 299 1026 328 patet,
1045 295 1114 328 quod
1135 304 1184 321 non
1204 297 1281 322 modo
1296 297 1361 323 nibil
1382 297 1407 323 in
1422 297 1463 323 liis
1479 297 1645 324 orationibus
1664 306 1728 324 con-

943 344 982 366 tra
1002 340 1154 372 dissidium,
1184 342 1248 368 nihil
1269 342 1302 368 de
1315 350 1379 376 pace
1397 343 1466 369 dicat
1485 343 1639 377 Gregorius,
1657 347 1727 376 qnod

943 387 1066 420 proiecto
1090 396 1142 414 non
1159 388 1293 415 omisisset
1308 394 1399 415 orator
1415 389 1486 422 pacis
1508 389 1706 415 amantissimus
1720 398 1726 419 ;

942 440 1032 467 verum
1054 433 1134 461 etiam
1151 433 1347 461 Nazianzeuam
1363 436 1508 462 Ecclesiam
1526 436 1563 470 (Ιι)
1591 445 1600 461 ‹
1617 443 1669 462 uno
1682 444 1725 461 eo-

942 479 1056 512 demque
1081 479 1171 506 animo
1206 488 1286 507 unum
1312 481 1436 514 idemque
1458 481 1639 508 sentientem»
1669 481 1727 507 lai:-

941 525 995 551 det.

943 582 1063 609 LXth.
1081 582 1134 609 Sub
1153 583 1256 609 Juliam'
1275 584 1351 617 finem
1365 584 1513 617 subscripsit
1532 584 1616 617 implsu
1629 583 1728 617 [ormu-

1129 618 1172 649 lae,
1187 620 1231 644 sed
1243 619 1353 644 illwsum
1367 620 1541 645 cor-servavit.

978 664 1035 690 Non
1057 664 1137 698 igitur
1149 664 1199 690 sub
1214 664 1382 695 Constantio,
1399 666 1443 691 sed
1459 669 1582 698 vergente
1601 665 1633 690 :ul
1648 664 1729 691 fiucn)

942 709 1039 736 Juliani
1067 709 1189 742 irnperio,
1216 708 1336 734 l'orninlae
1349 708 1435 734 minus
1452 709 1608 734 orthodoxa}
1626 708 1723 733 videtin

942 755 1135 788 subscripsisse
1154 754 1311 789 Gregorius,
1327 755 1453 788 deceptus
1474 754 1634 780 Arianornni
1649 753 1727 784 dolis,

942 801 998 833 qui,
1018 799 1129 827 absente
1146 800 1210 832 filio,
1226 800 1295 826 nacti
1308 805 1485 833 opportunam
1500 806 1592 825 senem
1610 799 1725 825 circum-

943 846 1066 872 veniendi
1083 847 1262 877 occasionem,
1281 847 1371 880 specie
1398 845 1592 880 pacificationis
1612 852 1671 871 eum
1701 845 1728 871 iu

941 898 1051 925 pravam
1082 892 1239 918 societatem
1279 895 1478 926 pertraxerunt.
1517 891 1589 922 Dixi,
1620 891 1730 917 absente

944 936 1007 966 lilio,
1024 936 1069 970 qni
1092 937 1224 963 interdum
1248 942 1367 970 paternae
1394 936 1489 963 domus
1512 936 1684 962 sollicitudini
1701 942 1730 962 so

944 982 1115 1013 subtrabens,
1147 983 1171 1009 in
1196 983 1309 1009 amicam
1342 983 1416 1009 Ponti
1447 982 1615 1009 solitudinem
1632 982 1663 1008 ad
1680 982 1730 1007 na-

942 1028 1029 1054 silium
1047 1029 1154 1055 evolare
1171 1029 1291 1059 solebat:
1318 1037 1453 1062 nimquam
1469 1029 1538 1055 enim
1555 1036 1585 1054 eo
1599 1033 1731 1061 praesente

943 1075 1010 1108 patri
1028 1074 1140 1101 insidias
1156 1079 1260 1101 struere
1273 1077 1330 1102 ausi
1351 1075 1474 1102 fuissent.
1500 1074 1608 1108 Magnas
1635 1074 1660 1099 in
1680 1073 1730 1099 Ee-

942 1120 1022 1146 clesia
1035 1119 1205 1147 Nazianzena
1223 1121 1315 1147 turbas
1332 1121 1462 1147 excitarit
1478 1120 1599 1154 Gregorii
1614 1119 1730 1146 subscri=

942 1166 1008 1200 pilo,
1023 1171 1050 1193 et
1066 1167 1156 1193 statim
1171 1167 1293 1193 monachi
1306 1167 1339 1193 ab
1355 1166 1412 1200 ejus
1425 1167 1613 1193 communione
1627 1166 1730 1192 disces-

942 1217 1052 1243 serunt;
1081 1213 1152 1246 quod
1171 1221 1240 1239 anuo
1261 1213 1312 1239 565
1336 1213 1456 1246 contigit,
1491 1213 1511 1238 si
1531 1212 1636 1246 quidem
1663 1219 1729 1237 non-

942 1258 1004 1284 dum
1035 1258 1223 1289 discesserant,
1244 1266 1304 1284 cum
1323 1257 1458 1284 anno569¹
1484 1257 1658 1283 Nazianzenae
1680 1256 1730 1282 Ec-

942 1303 1032 1330 clesiae
1050 1305 1223 1331 concordiam
1241 1305 1363 1330 laudaret
1391 1304 1551 1338 Gregorius3
1579 1310 1672 1329 recens
1684 1310 1730 1328 au·

945 1355 998 1377 tem
1013 1356 1073 1377 erat
1098 1351 1238 1381 discessio,
1268 1351 1455 1384 comprimam
1480 1354 1573 1376 contra
1596 1348 1729 1376 Julianum

939 1396 994 1429 jam
1008 1397 1171 1424 exstinctum
1188 1397 1347 1423 invectivam
1359 1397 1498 1423 scriberet.
1515 1395 1636 1429 Denique
1650 1395 1728 1421 dissi-

945 1443 1000 1474 dio,
1019 1443 1087 1476 quod
1107 1442 1261 1469 diuturnum
1282 1450 1333 1469 non
1354 1443 1452 1474 suerat,
1469 1442 1572 1472 sedato,
1596 1440 1730 1474 composi-

104 1480 175 1504 Cssiffl
206 1480 255 1506 28¹5
271 1485 353 1507 aeSfflS
373 1485 423 1513 ὓδῑι
453 1482 584 1515 filiusque
607 1482 718 1516 ailquid,
750 1483 819 1517 quod
838 1492 888 1509 ¹¹0¹·
905 1506 924 1534 C
944 1493 981 1517 to,
994 1492 1058 1519 otc„
1081 1488 1227 1514 instaurata
1249 1493 1288 1514 est
1301 1488 1444 1514 concordia
1470 1495 1540 1514 anno
1557 1486 1620 1513 564.
1636 1486 1728 1512 Mona-

102 1530 235 1558 oporteat,
253 1527 422 1557 tentaverint,
439 1535 518 1561 quam
539 1529 609 1562 quod
625 1536 658 1554 ex
676 1528 762 1555 officio
775 1529 809 1555 sit
825 1537 890 1563 prze-

104 1572 279 1598 tertniserint.
298 1582 306 1596 ›
328 1573 450 1603 Videant,
472 1574 516 1607 qui
535 1574 692 1609 Gregorium
714 1580 828 1609 patrem,
841 1576 890 1601 sub

104 1618 271 1649 Constantio,
291 1619 452 1646 Ariminensi
469 1619 588 1647 formula:
605 1621 797 1655 subscripsisse
817 1623 889 1648 arbi·

104 1668 221 1696 trantur,
246 1671 278 1690 ex
292 1672 344 1698 qno
364 1671 521 1698 sequeretur
537 1667 681 1694 monachos
701 1675 748 1702 per
764 1670 830 1694 duos
846 1673 890 1694 ant

107 1710 187 1735 etiam
206 1716 258 1736 tres
272 1718 356 1736 annos
371 1710 581 1745 indignationem
599 1720 675 1738 snam
694 1713 888 1745 dissimulasse,

104 1757 236 1790 quomodo
253 1757 308 1783 brec
321 1757 464 1784 conciliare
481 1758 605 1790 valeant3
621 1759 736 1786 maxime
750 1768 812 1786 vcro
829 1769 888 1787 cum

103 1808 136 1828 ex
154 1801 281 1836 Gregorio
299 1802 379 1829 breve
393 1802 473 1828 suerit
490 1803 641 1831 dissidium.
661 1813 670 1830 ι
687 1804 738 1831 Eos
750 1805 832 1835 enim,
845 1807 889 1839 qni

104 1847 138 1873 ob
159 1848 266 1881 pictatis
293 1848 379 1874 zelum
406 1848 583 1881 dissidebant,
613 1850 699 1884 inquit
715 1850 762 1885 (e),
786 1857 813 1877 et
841 1852 889 1878 silvi

104 1899 130 1919 et
142 1894 247 1920 cacteris
262 1894 444 1920 reconciliavit
460 1894 618 1929 (Gregorius
641 1897 727 1929 pater)
741 1901 890 1930 postremos·

105 1947 118 1964 a
140 1939 215 1965 nobis
231 1939 376 1973 sejunctos.
389 1944 415 1966 et
429 1940 529 1974 primos
544 1948 675 1970 reversos.
691 1950 700 1966 ι
717 1937 888 1974 Brevissima,

105 1987 223 2019 inquam,
243 1986 286 2012 illa
303 1986 351 2012 suit
369 1986 477 2019 divisio,
496 1992 562 2014 teste
578 1987 719 2021 Gregorio,
744 1989 787 2022 qui
806 1999 814 2013 ι
831 1997 889 2016 eam

104 2032 284 2058 munninnem
312 2032 440 2059 hacteuus
462 2033 575 2061 durasse
596 2034 691 2062 scribit
723 2036 773 2070 (Ῑ),
802 2040 891 2070 utper

106 2079 155 2104 boc
184 2078 334 2109 dissidium,
362 2084 491 2113 quantum
515 2081 588 2114 pacis
617 2081 715 2108 bonnm
733 2088 817 2114 essct,
846 2084 889 2116 qni

106 2124 183 2150 divisi
201 2123 317 2156 fuerant,
345 2125 534 2159 intelligerent,
561 2128 704 2161 statimqne
720 2128 808 2153 odium
827 2129 889 2154 illud

942 1533 1007 1560 elios
1023 1534 1093 1559 enim
1110 1542 1123 1559 a
1141 1541 1170 1560 se
1188 1544 1196 1559 ι
1213 1534 1246 1559 ob
1260 1534 1368 1568 pietalis
1385 1533 1469 1559 zelum
1482 1543 1490 1558 ι
1508 1532 1667 1559 dissidentes
1679 1531 1728 1557 stetit

941 1584 967 1606 et
988 1580 1094 1606 caeteris
1119 1580 1303 1606 reconciliavit
1323 1580 1477 1614 Gregorius,
1511 1583 1566 1605 tum
1585 1579 1619 1605 ob
1646 1577 1730 1611 ipsius

942 1626 1131 1655 reverentiam,
1150 1630 1205 1652 tum
1231 1625 1266 1651 ob
1289 1626 1421 1659 dogmatis
1440 1624 1593 1659 puritatem.
1628 1633 1636 1648 ‹
1652 1623 1730 1650 Solus

941 1679 1067 1706 namque,
1081 1677 1109 1698 ut
1127 1672 1164 1697 ait
1178 1671 1324 1705 Gregorius
1350 1676 1441 1698 noster
1458 1671 1501 1706 (i),
1525 1670 1635 1696 illaesam
1652 1676 1729 1695 men-

942 1721 1005 1749 tem,
1037 1717 1200 1751 minimeque
1229 1717 1307 1744 simul
1337 1725 1398 1744 cnm
1427 1720 1578 1743 atramento
1604 1715 1728 1742 infectam

942 1763 1058 1789 animam
1075 1763 1174 1790 habere
1187 1764 1307 1790 creditus
1319 1768 1370 1795 cst,
1388 1764 1493 1789 tametsi
1507 1770 1554 1797 pet·
1567 1762 1649 1788 animi
1662 1761 1729 1787 sim-

942 1809 1087 1841 plicitatem
1105 1809 1232 1842 abreptus
1261 1808 1365 1840 suisset,
1399 1808 1544 1842 dolumque
1576 1808 1609 1834 ob
1643 1806 1725 1833 animi

942 1855 1125 1881 sinceritatem
1140 1855 1173 1881 ab
1194 1855 1266 1881 omni
1295 1855 1353 1881 dolo
1379 1854 1492 1880 alienam
1511 1854 1621 1880 minime
1642 1853 1729 1880 cavis-

942 1905 1015 1927 set.»
1044 1901 1080 1926 lta
1106 1901 1196 1934 gravis
1227 1900 1353 1927 Ecclesize
1378 1900 1554 1926 Nazianzcnae
1584 1904 1729 1933 tempestas

942 1947 1033 1973 sedata
1051 1951 1093 1972 est
1110 1945 1232 1980 Gregorii
1248 1945 1363 1980 episcopi
1379 1945 1501 1978 precibus
1524 1948 1550 1969 et
1567 1943 1727 1970 admonitio-

942 1991 1033 2023 nibus,
1051 1996 1114 2018 nato
1144 1991 1251 2017 interim
1269 1991 1377 2025 pietatis
1406 1995 1433 2017 et
1459 1997 1547 2024 operm
1577 1989 1663 2019 soci0;
1683 1987 1728 2021 qui

942 2045 1001 2064 cum
1017 2037 1084 2071 patri
1100 2037 1132 2063 ad
1160 2044 1239 2062 omne
1255 2036 1352 2063 bonum
1381 2042 1472 2062 comes
1486 2039 1512 2061 et
1528 2034 1634 2068 adjutor
1646 2037 1728 2065 esset,

942 2090 973 2110 ac
1010 2083 1081 2109 velut
1119 2089 1134 2108 a
1168 2081 1250 2108 latere
1277 2085 1408 2112 curreret,
1443 2079 1486 2106 hic
1517 2080 1561 2106 Dei
1601 2077 1728 2104 beneflcio

944 2128 1029 2155 inulto
1054 2128 1199 2155 maximam
1229 2127 1330 2154 laboris
1355 2126 1488 2153 studiione
1517 2129 1617 2151 nartem
1633 2128 1728 2149 contu-

105 2170 166 2195 odio
180 2170 311 2197 baberent
335 2178 367 2196 ac
382 2171 562 2198 detestationi.
582 2172 639 2204 Qua
664 2173 738 2207 pacis
751 2174 888 2201 celeritate
907 2176 927 2201 D
943 2175 981 2201 lit.

106 2216 262 2250 subreptum
283 2224 349 2250 pene
365 2219 414 2244 luit
433 2223 459 2244 et
472 2220 654 2252 obscuratum,
671 2221 740 2253 quod
759 2220 784 2246 in
806 2221 892 2247 medio

106 2263 228 2296 rontigit.
245 2272 254 2288 ι
269 2263 367 2297 Ecquis
383 2270 470 2291 antem
487 2267 643 2292 resarcitum
656 2271 707 2292 tam
725 2276 732 2291 ι
747 2267 869 2293 celeriter
881 2277 889 2292 ι

106 2312 131 2334 nt
154 2308 376 2342 redintegratum,
396 2310 440 2336 vix
459 2315 488 2336 ut
502 2311 639 2337 exstitisse
661 2312 797 2344 credatur,
814 2317 893 2345 atque

105 2358 185 2380 ettam
202 2354 282 2380 breve
303 2355 444 2381 dissidium
459 2361 533 2388 putet
561 2356 631 2389 qnod
661 2357 737 2382 annis
753 2356 838 2383 tribus
861 2359 892 2383 ad

107 2400 244 2426 minimum
263 2405 308 2427 aut
331 2406 445 2434 quatuor
459 2402 693 2435 perseveraverit?
711 2403 777 2435 Quis
803 2405 892 2429 credat

106 2450 144 2472 tot
159 2446 236 2472 annis
253 2446 463 2479 indignationem
479 2455 555 2474 suam
582 2449 712 2481 pressisse
730 2450 892 2480 monachos,

106 2497 172 2522 qnos
207 2500 215 2515 a
232 2491 375 2517 admodum
411 2491 525 2518 bellaces
556 2497 635 2525 atque
668 2493 694 2518 in
727 2494 894 2526 confligendo

108 2542 181 2562 acres
194 2541 221 2563 et
236 2536 337 2563 seroces
353 2549 361 2562 ι
383 2538 477 2573 scribit
490 2538 634 2572 Grrgorins
650 2543 740 2565 noster
758 2539 793 2573 (ῃ)
806 2540 816 2565 ¹?

144 2582 212 2614 Quid
243 2582 341 2617 plura?
368 2584 490 2616 Quamliu
521 2584 631 2611 discissa
652 2585 699 2611 ruit
726 2584 892 2612 Nazianzvna

142 2676 180 2707 (α)
194 2676 238 2702 Or.
257 2678 282 2705 ϋ,
301 2685 326 2703 n.
342 2677 383 2703 il).

144 2712 180 2741 (b)
199 2712 243 2736 01.
263 2712 304 2741 13.
320 2720 345 2737 ιι.
364 2712 406 2738 18.

145 2744 259 2776 (1¹)ibitl.

145 2782 182 2812 ιιι)
198 2782 241 2805 or.
260 2781 303 2808 et.
327 2790 350 2807 n.
365 2783 408 2807 255.

144 2816 176 2848 (ι)
198 2817 242 2841 Or.
264 2817 342 2845 1“’,ιι.
361 2819 399 2842 lN.

944 2231 1050 2258 Lxxx.
1068 2230 1211 2264 leeoloqus
1231 2230 1346 2263 loquitur
1364 2229 1472 2262 perinde
1494 2237 1524 2254 ac
1548 2229 1570 2253 si
1590 2236 1647 2253 reus
1675 2228 1727 2261 isse

993 2267 1067 2301 sorel,
1082 2266 1149 2299 quod
1164 2266 1253 2298 pietati
1266 2274 1325 2298 crya
1339 2270 1437 2297 patrem
1454 2264 1618 2289 tribuendum
1632 2268 1679 2288 est.

977 2312 1089 2338 Miretur
1107 2311 1219 2337 forsitan
1235 2310 1367 2343 quispiam
1395 2316 1442 2334 cnr
1456 2307 1611 2342 Gregorius,
1636 2307 1670 2333 de
1686 2315 1727 2333 se·

943 2359 1043 2385 ditione
1072 2358 1200 2383 adversus
1223 2362 1324 2391 patrem
1354 2363 1431 2382 sunm
1460 2356 1574 2381 excitata
1592 2361 1605 2380 a
1625 2353 1726 2380 serven-

945 2406 1011 2432 tiore
1035 2404 1161 2431 Ecclesiae
1188 2408 1264 2437 parte
1299 2404 1378 2430 verba
1410 2402 1519 2434 iaciens,
1548 2400 1657 2435 perinde
1690 2400 1726 2425 lo-

943 2456 1042 2485 quatur
1069 2457 1099 2477 ac
1123 2450 1145 2477 si
1173 2450 1228 2485 ipsc
1262 2457 1322 2476 rcus
1353 2453 1423 2475 esset
1449 2452 1475 2474 et
1504 2454 1563 2472 cum
1593 2451 1667 2480 patre
1700 2445 1724 2471 in

945 2502 1053 2529 pravam
1079 2495 1234 2521 societatem
1270 2497 1420 2527 pertractus
1459 2490 1555 2517 suisset
1589 2498 1597 2515 ·.
1632 2487 1723 2514 «Nam

944 2549 1014 2573 (enm,
1030 2541 1116 2574 inquit
1129 2540 1174 2575 (j),
1188 2548 1202 2566 a
1216 2539 1375 2566 ferventiore
1391 2536 1516 2564 Ecclesiae
1529 2540 1605 2570 parte
1617 2534 1651 2561 ob
1665 2541 1722 2559 cam

945 2594 1053 2614 causam
1069 2587 1164 2613 seditio
1184 2587 1209 2612 in
1228 2593 1276 2612 nos
1290 2585 1405 2611 excitata
1426 2587 1510 2616 esset;
1528 2581 1598 2616 qnod
1623 2580 1724 2614 scriptu

978 2678 1009 2711 (s)
1025 2678 1069 2702 Or.
1087 2678 1111 2707 (ι’,
1130 2686 1155 2702 n.
1174 2678 1188 2702 S
1206 2681 1231 2701 vt
1250 2676 1288 2701 ¹2.

977 2715 1011 2745 (th)
1024 2714 1069 2738 ΟΥ.
1081 2714 1124 2739 21,
1144 2720 1169 2737 ιι.
1187 2712 1231 2737 25.

977 2749 1013 2781 (lii
1030 2750 1074 2773 (Jr.
1095 2747 1121 2776 5,
1140 2755 1165 2772 n.
1180 2748 1204 2771 (j.

976 2783 1173 2810 ‹i›()1·.18,n.
1199 2781 1236 2806 Ν.

977 2820 1010 2850 (il
1030 2818 1074 2843 Or.
1091 2818 1130 2849 ts,
1148 2825 1172 2842 ιι.
1192 2816 1232 2841 ta.
