1838 3046
51 97 84 123 Π
543 86 727 114 rnffim'rto
747 85 954 114 efficimus.
974 99 1006 105 -
1027 85 1115 112 rans
1136 85 1168 111 ιι.
1644 84 1674 109 :a

51 157 130 186 mou
147 154 282 190 ποιμνίου.
301 147 795 186 seilicetConstantinopolimni,
824 147 1006 185 suscepisse
1037 155 1070 176 se
1087 146 1223 175 fateatur
1241 146 1292 182 (a).
1323 145 1409 174 Unde
1427 153 1466 174 nc
1482 145 1510 174 id
1532 145 1678 182 quidem,

52 206 115 239 nisi
133 217 146 233 a
167 205 309 244 quandiu
324 202 454 237 valeret,
475 213 488 228 υ
508 200 684 235 concessii;
703 204 796 238 alque
810 199 923 230 ilerum
941 198 1090 228 discessit
1107 196 1198 235 quasi
1216 196 1307 229 lilier,
1327 197 1567 225 recrudescetile
1586 197 1680 232 paulo

52 260 123 297 post
139 255 329 294 :egritudine
348 265 354 283 :
373 264 387 280 u
401 251 628 286 Constrictuui,
648 249 752 288 inquit
771 249 826 287 (b),
847 258 896 279 me
910 249 1040 278 niuibus
1059 251 1156 281 tenet,
1171 250 1200 276 et
1217 246 1256 275 ab
1276 246 1425 276 licclosiai
1453 248 1679 285 gubernaculis

51 307 187 338 celerius
201 305 344 336 abduxit.
364 316 377 331 n

91 358 183 395 Quod
203 365 278 388 vero
295 365 420 387 omnem
440 354 521 384 tollit
537 352 784 387 dubitationem.
817 352 940 382 Eulalio
963 351 1088 381 tandem
1111 350 1293 379 renuntiato
1315 348 1440 387 publice
1468 353 1497 378 et
1527 349 1680 386 episcopi·

52 408 200 439 Nazianzi
224 406 374 438 canonice
404 405 566 436 ordinato.
599 402 888 441 Nyssenoprmsuli
916 407 945 431 et
973 401 1011 430 iis
1039 400 1094 439 qui
1113 408 1251 429 ‹anon-:s
1281 399 1490 437 objiciebant,
1508 402 1680 436 respondet

53 462 225 500 Gregorius
245 460 282 498 (c)
300 470 308 488 ι
329 469 343 486 ι
359 457 451 493 Quod
475 456 501 486 si
529 456 602 495 quis
626 458 686 490 est,
703 454 758 492 qui
781 458 868 492 putet
896 454 1046 492 episcopo
1067 453 1193 481 vivente
1208 451 1307 480 alium
1326 449 1449 479 institui
1470 457 1535 477 nun
1551 449 1680 484 debere,

52 514 81 545 is
100 513 176 543 sciat
192 520 226 542 se
247 519 285 540 ne
299 510 354 539 hac
373 510 504 547 quidem
528 509 560 539 in
581 513 668 547 parte
686 508 778 537 nobis
793 516 886 537 causa
903 508 1101 545 superiorem
1121 513 1203 535 esse.
1222 505 1312 543 Apud
1332 512 1443 534 omnes
1457 504 1541 534 enim
1559 504 1682 543 liquido

51 570 185 602 constat,
205 571 332 594 menon
348 562 510 598 Nazianzi,
525 563 581 592 sed
595 561 794 591 sasimorum
812 561 986 590 antistitem
1006 560 1202 598 propositum
1220 567 1308 591 esse:
1325 557 1378 586 »id
1399 560 1458 591 est,
1478 565 1516 585 ne
1534 556 1680 586 Naziauzi

51 619 180 658 quidem
194 627 207 642 «ι
219 614 427 654 propositum,
444 615 590 645 »nedum
610 613 737 652 publice
753 622 788 642 ac
805 613 956 643 canonice
975 612 1194 642 renuntiatum
1210 619 1280 641 esse
1292 611 1491 648 episcopum.
1508 610 1682 655 lssxspiran-

52 673 92 703 tis
110 676 213 701 tamen
231 669 303 700 vitto
318 667 482 706 reliquias,
500 667 525 697 si
543 676 598 705 per
614 666 829 696 valetudinem
849 666 1003 700 licuisset,
1022 666 1088 703 ipse
1106 663 1252 694 Ecclesia}
1264 662 1683 692 Naziauzcna·consecratu-

52 731 121 753 rum
138 730 172 752 so
191 721 284 759 epist.
302 727 400 749 ccxxv
421 720 599 759 profitetur,
623 718 729 757 potius
746 717 1111 757 quamSasimensi,1cui
1131 726 1306 756 nunquam,
1319 717 1469 755 inquiunt
1487 716 1680 746 Bollanden-

51 783 113 811 ses,
126 782 160 804 se
175 772 307 803 credidit
323 771 510 809 obligatum,
527 772 577 801 eui
595 770 682 800 nullo
705 779 845 809 unquam
861 771 1010 809 proeconii
1026 779 1144 808 genere
1163 770 1365 800 renuntiatus
1375 773 1442 797 erat
1461 778 1468 796 t
1487 775 1682 806 quamquam

53 823 84 854 id
102 823 256 854 molestiae
271 821 462 853 facessenam
478 823 577 862 gratia
593 822 723 862 quidam
746 823 845 852 invidi
864 831 919 860 per
936 822 1127 852 calumniam
1142 825 1195 851 et«
1209 820 1463 853 contentionem,
1484 831 1497 845 ν
1517 824 1549 848 ut
1563 818 1681 849 ibidem

55 876 209 915 loquitur,
223 876 428 915 objiciebant.

90 927 266 957 lnnocuum
297 935 361 965 quo
403 927 532 958 ludebat
559 926 732 965 Gregorius
766 935 835 956 cum
860 926 1072 962 adversarios,
1103 930 1168 956 tum
1185 926 1317 960 amicos,
1337 926 1505 956 artificium
1531 926 1604 964 quis
1619 934 1682 955 non

54 979 209 1010 miretur?
225 979 303 1010 Cum
326 980 364 1010 nd
381 980 610 1010 Nazianzenam
647 979 827 1010 Ecclesiam
863 978 954 1007 tacita
989 978 1101 1008 saltem
1134 978 1353 1016 objectabatur
1370 978 1581 1013 renuntiatio,
1599 979 1685 1008 Sasi-

52 1038 192 1060 mensem
225 1030 369 1068 protinus
385 1031 640 1069 designationem
659 1032 838 1069 regerebet,
859 1034 892 1059 ut
909 1029 1002 1067 epist.
1034 1039 1130 1065 cxffl,
1148 1031 1243 1068 eique
1261 1030 1420 1066 Ecclesite,
1433 1040 1447 1060 a
1465 1040 1539 1069 qua,
1559 1032 1605 1061 vel
1627 1031 1685 1061 im-

52 1082 135 1121 pieta
152 1082 199 1112 vel
215 1082 330 1112 abolita
346 1083 432 1119 sede,
454 1084 534 1113 nihil
558 1084 687 1121 penitus
705 1083 856 1118 timebat,
875 1083 944 1120 plus
971 1082 1114 1120 illigatus
1135 1091 1230 1121 quam
1251 1083 1408 1112 Nazianzo
1427 1083 1527 1113 videri
1546 1084 1681 1114 volebat.

52 1134 131 1165 Cum
150 1138 253 1165 eutem
267 1135 303 1164 ad
317 1135 446 1169 Sasima,
464 1139 496 1164 ut
513 1136 608 1173 epist.
626 1143 739 1170 ccxxv,
762 1135 983 1171 revocabatur,
999 1139 1053 1165 aut
1070 1137 1171 1172 magis
1188 1139 1391 1174 contemptus
1409 1145 1502 1166 causa
1522 1138 1684 1175 relegaba-

53 1191 122 1224 tur;
143 1188 374 1219 Nazianzenam
392 1187 475 1218 illico
493 1199 506 1215 α
527 1189 804 1218 renuntiationem
828 1200 841 1215 »
867 1188 1049 1227 objiciebat,
1070 1200 1082 1215 a
1099 1197 1159 1227 qua
1176 1198 1209 1218 se
1229 1188 1327 1218 teneri
1352 1199 1365 1213 n
1387 1187 1600 1217 nihilominus
1621 1196 1682 1217 non

52 1237 188 1268 timeret.
208 1237 390 1270 Genuinum
414 1241 496 1270 hunc
513 1249 583 1271 esso
601 1243 814 1280 epistolarum
829 1249 959 1271 sensum
975 1263 982 1277 ‚
1003 1245 1115 1278 praeter
1140 1241 1328 1277 gravissima
1346 1242 1492 1281 qurejam
1518 1240 1683 1270 attulimus

54 1296 221 1326 momenta,
237 1293 369 1330 probant
399 1294 515 1323 eaedem
545 1294 687 1332 epistolio
717 1304 792 1331 mi,
820 1303 890 1330 cxv,
920 1303 1052 1328 rnatu,
1081 1302 1203 1327 ccxxv,
1235 1294 1264 1321 in
1298 1292 1416 1331 quihus
1444 1290 1596 1320 omuibus
1627 1299 1683 1319 eos

53 1341 134 1371 ⁵³¹⁵?ss
151 1342 312 1381 sidffl‘lssli
330 1346 364 1373 ut
393 1344 542 1376 Ecclesiae
562 1348 731 1385 probarent
755 1347 899 1378 alterutri
935 1357 1008 1377 vere
1026 1347 1200 1382 addictum,
1226 1346 1342 1376 frustra
1374 1354 1513 1376 cationes
1537 1354 1682 1384 oppone-

53 1394 138 1424 bant.

93 1444 140 1474 Ad
171 1445 336 1475 cumulum
367 1448 492 1477 accedat
514 1447 578 1486 jam
609 1449 758 1487 palmaris
788 1449 875 1478 locus
891 1471 898 1483 ,
916 1450 970 1488 qui
1001 1450 1214 1479 Sasimensem
1247 1449 1553 1485 Nazia1·izenumque
1586 1447 1683 1476 simul

55 1497 274 1535 episcopatum
299 1498 442 1537 Gregoiii
464 1498 511 1528 vel
534 1508 617 1529 unus
649 1501 752 1538 possit
770 1500 806 1529 ad
826 1500 949 1530 fabulas
971 1500 1153 1530 amandare.
1184 1500 1303 1529 Locum
1337 1500 1426 1530 ilium
1459 1499 1589 1530 exhibet
1615 1509 1684 1530 car-

53 1555 124 1578 men
144 1548 159 1577 1
176 1548 295 1578 editum
310 1558 325 1578 a
340 1550 454 1587 Tullio,
474 1560 556 1582 vers.
572 1553 610 1582 93
629 1563 659 1582 z«
680 1553 834 1583 Czeterum
856 1557 1063 1592 posteaquam
1079 1553 1287 1584 accessissem
1312 1564 1326 1582 ι
1344 1554 1656 1592 Constantinopolim
1677 1577 1683 1589 .

54 1611 68 1627 ·‹
89 1600 197 1631 relicta
213 1601 409 1641 Cappadocia
426 1625 434 1637 .
453 1613 525 1643 quae
545 1605 616 1634 lidei
648 1605 926 1644 propugnaculum
945 1614 1015 1635 esse
1046 1606 1209 1644 plerisque
1232 1606 1368 1639 videtur.
1397 1613 1598 1643 nequaquam
1631 1605 1686 1634 de-

52 1654 135 1680 serto
151 1652 280 1689 populo,
296 1651 346 1682 cui
363 1653 468 1692 aliqua
485 1656 725 1686 necessitudine
756 1648 917 1694 obligatus
934 1666 1036 1687 essem
1058 1668 1065 1686 :
1086 1657 1116 1682 οὐ
1138 1657 1223 1682 λιπὼν
1251 1657 1332 1689 λαὶ-ι,
1348 1657 1424 1683 οὐδὲν
1444 1656 1499 1682 τῶν
1528 1657 1685 1691 ἀναγκαίων

52 1703 131 1738 ἐμοί·
153 1713 222 1734 nam
241 1704 292 1735 illa
309 1710 382 1735 sunt
403 1706 543 1737 hostium
559 1716 702 1739 meorum
723 1709 881 1748 figmenta,
899 1709 1036 1749 salsique
1053 1719 1232 1746 sermones,
1253 1709 1382 1740 invidiae
1403 1710 1578 1739 velamenta
1598 1718 1685 1747 qum-

52 1755 122 1784 dam
139 1754 303 1793 ingeniose
320 1756 506 1795 excogitata.
531 1769 544 1784 »

94 1808 144 1843 At,
162 1808 302 1846 inquies,
322 1809 494 1847 Gregorius
511 1818 546 1839 se
563 1809 680 1840 satelur
698 1811 857 1849 propriam
878 1812 1032 1843 habuisse
1059 1813 1247 1847 Ecclesiam,
1264 1813 1358 1844 aliam
1378 1823 1394 1843 a
1414 1813 1686 1851 Constantinopo-

55 1856 164 1893 litana‚
183 1858 231 1887 his
248 1859 351 1888 verbis
369 1860 410 1898 (d)
426 1871 433 1890 ε
451 1871 465 1888 ι
485 1861 518 1890 ln
539 1862 672 1899 gratiam
691 1871 786 1902 porro
816 1873 888 1894 cum
907 1865 1039 1895 veritate
1060 1865 1211 1899 redeant,
1229 1866 1285 1904 qui
1307 1874 1365 1895 nos
1395 1866 1532 1895 alienam
1550 1873 1682 1895 uxorem

58 1910 252 1947 expetivisse
283 1913 396 1946 aiunt,
417 1921 487 1942 cum
518 1923 556 1944 ne
588 1915 745 1953 propriam
783 1917 912 1954 quidem
953 1916 1070 1947 habere
1102 1917 1312 1947 voluerimus.
1346 1929 1359 1944 υ
1389 1918 1466 1953 Quas
1495 1917 1683 1947 'l'homassi-

55 1967 116 1988 nus
134 1960 170 1998 (e)
196 1961 233 1990 ad
264 1961 382 1991 Sasima
403 1965 497 1994 lrahit
515 1987 522 1999 ‚
540 1966 696 2002 quamvis
728 1966 922 1997 Nazianzum
954 1969 1089 2006 perinde
1119 1974 1266 2007 spectare
1298 1970 1432 2008 possint.
1465 1969 1525 1999 Sed
1545 1970 1684 1999 Basilius

55 2011 241 2042 ⁵¹³h011'35103
273 2013 339 2044 hffic
361 2015 466 2050 verba.
486 2027 499 2043 ι(
517 2016 653 2047 alienam
678 2026 808 2048 uxorem
827 2027 842 2048 a
862 2019 954 2048 nobis
976 2020 1146 2058 expetitam
1164 2029 1247 2055 esse,
1266 2032 1279 2047 υ
1298 2021 1343 2050 sic
1365 2020 1683 2058 iuterpretalurzffitcz

55 2061 102 2087 καὶ
124 2063 189 2088 αὐτὸ
216 2064 307 2094 τοῦτο,
334 2065 370 2096 ὡς
392 2070 652 2103 συκοξιντηςάντων
675 2071 779 2105 οἰητέον
801 2071 853 2097 τῶν
867 2072 1013 2098 ἐναντίων·
1030 2073 1046 2107 ἢ
1063 2073 1106 2099 διὰ
1126 2073 1174 2108 τὴν
1198 2073 1683 2108 'Ezz'tnqct'zvkib-1522·2-.¹.=mu:r2).z‹1,·;

57 2108 206 2143 ὲΥ-ληπῒέθν
221 2119 227 2124 ·
249 2112 307 2141 hoc
324 2121 369 2142 est
391 2125 398 2144 ε
417 2126 430 2141 α
447 2116 500 2145 Vel
519 2116 658 2155 idipsum
675 2128 730 2156 per
748 2119 950 2150 inimicorum
977 2121 1168 2151 calumniam
1191 2123 1351 2160 objectum
1381 2122 1482 2151 luisse
1503 2121 1681 2159 putandum

56 2164 114 2194 4³⁵².
135 2160 180 2189 vel
199 2170 274 2190 sane
290 2162 328 2191 de
345 2164 481 2194 Ecclesia
499 2166 857 2207 Constantinopolitana
874 2171 1112 2209 accipiendum.
1132 2184 1145 2199 i»
1168 2174 1212 2203 De
1230 2172 1373 2202 Ecclesia
1393 2173 1500 2211 itaque
1517 2172 1600 2201 dicta
1620 2173 1684 2200 licei:

56 2210 148 2265 etiam
167 2210 401 2249 intelligantur,
422 2216 569 2246 Ecclesia!
591 2221 696 2247 tamen
721 2219 810 2249 alteri
841 2221 1056 2259 mancipatum
1075 2231 1216 2260 unquam
1231 2223 1422 2260 Gregorium
1443 2223 1517 2253 inde
1539 2232 1599 2252 non
1621 2232 1684 2251 ma-

55 2268 102 2298 gis
118 2262 274 2300 sequitur,
291 2272 386 2301 quam
403 2265 550 2295 eumdem
578 2276 709 2297 uxorem
728 2268 902 2306 aliquando
920 2270 1168 2308 duxisse=quam
1188 2270 1356 2309 reliquerit
1379 2275 1501 2309 postea,
1523 2280 1561 2300 ex
1580 2271 1683 2300 inter-

57 2314 230 2349 pretatione
248 2316 345 2352 priori
363 2322 529 2355 sequatur.
541 2319 692 2358 Sequitur
711 2324 832 2351 tantum
855 2331 955 2352 uxore
970 2332 1004 2353 ac
1020 2323 1170 2353 Ecclesioe
1183 2332 1257 2353 eura
1276 2323 1407 2352 liberam
1422 2322 1626 2359 solutamque
1641 2320 1683 2348 vi-

57 2365 370 2396 tametmatrimonio
391 2366 613 2404 anteposuisse
636 2372 666 2397 et
690 2369 900 2408 episcopatui,
915 2371 1103 2409 priusquam
1118 2373 1155 2402 ad
1167 2371 1553 2409 Constantinopolitauam
1574 2370 1681 2399 sedem

55 2414 622 2446 evelieretur.5untversusuonnutti
636 2419 824 2453 carminisl.
837 2420 890 2457 qui
903 2421 1300 2462 cumhocloeoquemdam
1313 2421 1620 2452 habentalliuitatem
1634 2420 1682 2459 tf:

61 2462 128 2489 Ἀλλ’
141 2465 190 2490 οὐκ
205 2466 268 2500 ἐμὸν
281 2466 334 2501 γὰρ
347 2468 378 2501 τῇ
397 2466 442 2502 βίᾳ
456 2467 562 2501 κάμψαι
577 2468 641 2501 γόνυ
651 2490 658 2500 ,
673 2470 726 2495 οὐδ’
748 2471 923 2498 ἀσπὰτασῡαι
940 2473 988 2508 τὴν
999 2474 1117 2508 ἄθεσμον
1142 2475 1256 2510 ἴόρυπιν,
1270 2474 1298 2505 ὃς
1315 2473 1374 2499 οὐδὲ
1388 2474 1436 2507 τὴν
1455 2472 1584 2505 ἓνῠεσμῡν
1601 2472 1681 2504 ἠναγ-

56 2510 188 2545 κπμένος
202 2519 209 2525 ·
228 2521 308 2550 quos
327 2521 436 2542 vein—us
457 2513 623 2543 Cardenus
641 2536 649 2549 ,
667 2515 750 2552 apud
783 2516 972 2548 Bollandum
1002 2519 1057 2558 (q),
1087 2519 1323 2558 paraphrastice
1354 2523 1384 2549 et
1407 2520 1511 2549 soluta
1537 2517 1682 2547 oratione

57 2559 179 2591 felicius
195 2561 240 2591 sic
257 2563 370 2598 reddit,
389 2573 484 2602 quam
503 2565 616 2596 Billius
638 2567 772 2598 stricta:
793 2580 806 2596 α
825 2569 884 2600 Sed
901 2579 965 2601 non
987 2572 1027 2601 iis
1043 2581 1102 2610 ego
1116 2581 1187 2602 sum
1210 2573 1374 2607 moribus,
1396 2575 1429 2601 ut
1445 2571 1604 2600 violentiae
1624 2570 1681 2601 ulli

56 2607 147 2639 facile
165 2611 341 2640 cedendum
358 2612 553 2650 existimem,
570 2617 624 2644 aut
641 2616 859 2654 occupandam
889 2618 1093 2654 cathedram,
1112 2628 1175 2649 non
1197 2620 1255 2651 rite
1285 2625 1314 2650 et
1334 2621 1417 2650 sicut
1442 2623 1568 2658 oportet
1585 2621 1682 2650 colla-

92 2693 129 2727 (a)
151 2695 198 2737 lsslp.
215 2695 250 2722 al.
266 2696 328 2723 ‘ziz-2.
933 2704 966 2737 (e)
990 2704 1086 2734 Discip.
1101 2705 1164 2731 eccl.
1183 2710 1251 2737 pai-t.
1271 2713 1288 2736 t,
1306 2705 1322 2731 Ι.
1341 2713 1367 2735 ιι,
1387 2712 1410 2728 ‹·-
1429 2703 1472 2733 35»
1492 2711 1518 2729 n·
1534 2704 1549 2727 s)

90 2731 126 2798 (ὅ),
147 2731 195 2795 ἓξ.
209 2732 316 2792 {l¹'58⁴8‘
933 2739 965 2772 (Ῑ)
985 2739 1014 2765 V.
1039 2739 1102 2778 ¹011
1121 2746 1147 2766 ct
1162 2747 1219 2787 sqq.

237 2785 243 2791 .
282 2784 306 2791 -.
931 2778 967 2808 (9)
989 2782 1012 2800 tx
1030 2774 1100 2804 Mau,
1119 2783 1133 2808 p
1161 2774 1221 2800 43).

93 2800 130 2833 (d)
150 2800 224 2828 Orat.
245 2801 279 2827 al.
298 2801 343 2833 27,
359 2809 429 2829 nunc
444 2803 488 2833 56.
507 2811 533 2829 n.
553 2803 580 2830 6.
