1838 3046
174 77 207 102 77.
667 79 849 108 raAErATto
869 81 1074 109 caaaaatis.
1103 98 1135 101 -
1157 82 1245 109 raas
1265 83 1295 109 ii.
1627 78 1629 81 “
1770 89 1801 114 w

173 145 324 166 cocuram
335 138 506 168 Ecclesiae»
519 137 725 169 Nazianzenae
739 150 753 166 α
763 140 956 178 susciperet;
973 151 987 167 ι»
1000 149 1036 170 ea
1050 140 1119 178 lege
1132 149 1167 171 ac
1179 140 1377 177 conditione,
1392 144 1424 172 ut
1437 150 1475 173 ne
1489 143 1563 174 huic
1574 145 1802 184 astringeretur

171 185 506 226 Ecclesiae,etparente
518 191 1076 231 mortuo(a),«pennamspirituiquo
1087 191 1393 232 velletetquomodo
1404 194 1593 227 velletsuam
1603 197 1801 236 permitteret

171 236 390 276 deferendam,
409 248 467 271 nec
485 242 631 282 quisqam
649 243 743 279 soret,
771 244 827 283 qui
854 253 888 274 se
904 252 1016 281 cogere
1038 247 1159 283 posset,
1182 248 1236 275 aut
1256 245 1319 275 alio
1340 245 1504 277 traducere
1521 253 1762 287 repugnantem.
1784 261 1800 278 z»

170 289 289 319 Mirum
306 296 365 325 est,
396 292 583 332 Gregorium
600 295 808 325 Nazianzenze
832 296 982 326 Ecclesiae
1007 296 1191 335 episcopum
1208 297 1403 336 appellatum
1420 297 1531 334 fuisse,
1549 307 1619 328 cum
1638 302 1800 336 tantopere

173 342 365 378 precaverit,
388 347 420 373 ut
444 352 484 374 ne
510 344 586 374 huic
609 346 758 376 Eccleslae
780 347 991 385 alligaretur:
1013 347 1104 377 multi
1137 352 1239 378 tamen
1264 348 1451 386 scriptores,
1485 352 1609 380 veteres
1639 354 1670 381 et
1691 359 1799 381 recen-

175 390 285 427 tiores,
303 393 468 433 'l'licologo
484 397 686 434 reclamante,
706 408 777 428 cum
796 399 1031 429 Nazianzenum
1045 400 1217 438 appellant,
1234 401 1389 437 Socrates,
1405 400 1797 438 Sozomenus,Gregorius

173 441 242 480 ejus
259 444 336 473 Vitae
353 445 498 483 scriptor,
515 446 685 484 Barouius,
707 447 932 479 Bellarminus.
948 449 1046 479 Vetus
1076 453 1106 479 et
1122 450 1300 480 communis
1317 459 1406 480 error
1421 453 1469 480 est
1486 449 1724 487 manuscriptis,
1740 444 1796 487 qui

169 502 256 524 nunc
272 499 410 531 exstant,
430 496 523 535 longe
539 499 714 538 antiquior,
731 499 859 538 ipsique
876 500 1032 538 Gregorio
1064 509 1193 540 suppar.
1212 502 1345 531 Rufinus
1376 502 1408 531 in
1429 501 1561 540 prologo
1578 500 1616 530 ad
1633 500 1796 530 orationes

169 544 314 584 Gregorii
330 547 439 578 Latine
455 557 560 578 versas
591 549 725 579 scribit:
745 549 935 579 «Defuncto
963 553 1048 588 patre
1073 550 1216 580 succedit
1249 551 1281 580 in
1307 551 1524 589 episcopatum
1549 549 1630 589 apud
1659 548 1798 578 Nazian-

168 604 259 633 zum3
276 610 289 624 »
309 603 338 629 et
354 599 439 629 Hisc.
457 600 511 630 lib.
530 609 564 635 ιι,
594 608 620 631 e.
638 601 666 637 9,
686 612 700 628 «
722 601 753 630 in
770 600 875 630 locum
893 600 991 638 patris
1020 602 1166 632 eumdem
1197 602 1405 640 subrogatum
1419 612 1435 629 u
1456 602 1581 632 asserit.
1602 603 1669 632 lmo
1684 601 1796 630 Hiero-

168 649 348 688 nymus(b)‚
359 649 412 688 qui
423 649 621 681 familiariter
633 659 704 681 cum
718 658 755 680 eo
766 650 1046 689 Constantinopoli
1064 655 1207 682 versatus
1224 654 1283 684 est.
1294 651 1387 690 etqui
1399 659 1437 682 eo
1455 653 1605 690 magistro
1617 650 1795 688 Scripturas

167 711 202 733 se
228 702 380 732 didicisse
401 702 598 741 gloriabatur
619 714 627 733 ι
649 715 663 731 1<
682 703 870 742 Gregorius,
891 703 1009 743 inquit,
1027 704 1168 743 primum
1198 703 1409 741 Sasimorum,
1440 701 1555 733 deinde
1571 700 1794 730 Nazianzenus

165 755 349 794 episcopus.
368 766 383 783 n

204 808 289 844 Quin
306 808 414 844 etiam,
432 810 561 838 notante
577 805 714 837 Baronio
735 806 772 837 ad
789 815 908 837 annum
925 804 998 843 371,
1014 810 1044 838 et
1074 807 1106 837 in
1122 808 1193 838 Vita
1214 807 1360 846 Gregorii
1391 805 1474 846 apud
1507 803 1695 834 Bollandum
1725 809 1793 840 cap.

163 861 194 895 9,
213 872 227 888 «
248 860 317 898 ejus
336 859 509 890 adversarii
526 859 556 889 id
574 861 604 890 ei
619 860 736 890 dabant
767 859 906 895 crimini,
924 869 1065 899 eumque
1082 861 1122 890 ob
1139 861 1366 891 contumeliam
1396 857 1598 897 appellabant
1628 854 1795 893 triepisco-

164 918 253 948 pum,
283 918 356 939 cum
380 908 446 947 jam
477 908 565 939 sedis
593 909 958 947 Constantinopolitanae
983 910 1098 940 suisset
1129 910 1250 940 electus
1281 910 1466 948 episcopus.
1484 920 1499 937 ω
1517 907 1577 938 Sed
1596 909 1657 936 tam
1674 905 1793 936 diserte

162 959 337 999 Gregorius
354 963 447 998 negat
464 968 499 991 se
514 959 615 990 fuisse
634 960 784 990 Nazianzi
801 959 1004 998 episcopum,
1033 963 1067 990 ut
1089 960 1152 999 ipsi
1169 960 1248 990 fides
1278 959 1460 990 adhibenda
1476 958 1539 988 sit:
1557 968 1571 985 α
1586 954 1791 986 Manifestum

162 1017 221 1048 est,
242 1012 349 1051 inquit
366 1012 419 1052 (c),
441 1012 591 1043 omnibus
609 1021 658 1043 me
675 1020 740 1042 non
758 1012 908 1042 Nazianzi
925 1012 1124 1051 designatum
1142 1012 1328 1051 episcopum
1346 1020 1429 1042 esse.
1448 1022 1460 1038 »
1480 1009 1549 1039 Non
1566 1012 1688 1039 certum
1705 1006 1790 1036 dun—

161 1070 246 1096 taxat
275 1069 305 1095 et
334 1064 564 1098 indubitatum,
591 1062 648 1093 sed
673 1059 905 1100 manifestum3
935 1070 999 1092 non
1029 1062 1141 1092 amicis
1161 1062 1266 1093 solum
1298 1065 1329 1093 et
1359 1063 1487 1100 paucis,
1503 1060 1558 1090 sed
1579 1070 1591 1086 (ι
1609 1058 1759 1089 omnibus
1775 1068 1791 1084 ν

160 1117 293 1146 omnino
311 1113 420 1146 debuit
439 1122 509 1145 esse
529 1125 543 1141 «
562 1112 805 1143 manifestum.»
825 1113 858 1142 ln
875 1112 1016 1143 carmine
1031 1117 1137 1143 autem
1157 1111 1198 1142 De
1212 1113 1279 1143 vica
1295 1122 1351 1142 sua
1370 1112 1412 1152 (d)
1426 1122 1457 1140 z«
1470 1111 1653 1148 Postquam.
1673 1107 1790 1146 inquit.

161 1172 309 1208 parentes
324 1164 491 1198 excessere
508 1167 583 1200 vita,
604 1169 634 1196 et
649 1165 707 1195 hac
724 1173 783 1202 ego
799 1165 978 1195 calamitate
998 1165 1079 1195 liber
1098 1173 1168 1195 sum
1183 1165 1324 1201 relictus,
1343 1165 1447 1194 datam
1464 1163 1613 1202 equidem
1633 1159 1792 1189 Sasimen-

160 1228 227 1250 sem
244 1217 416 1249 Ecclesiam
434 1215 619 1246 nullatenus
648 1214 791 1252 attigi....
814 1212 966 1246 ‚Paternae
983 1222 1110 1244 vero....
1140 1214 1256 1252 exiguo
1281 1222 1357 1243 sane
1391 1217 1544 1251 tempore,
1567 1211 1656 1240 velut
1673 1209 1790 1245 hospes

159 1272 282 1307 alienae,
301 1278 408 1301 curam
426 1269 563 1307 aliquam
580 1265 676 1304 gessi,
692 1274 755 1295 non
772 1264 957 1295 diffitebor:
976 1264 1117 1302 idipsum
1136 1272 1239 1302 usque
1258 1263 1453 1294 denuntians
1468 1260 1638 1301 episcopis.
1657 1264 1792 1298 poscens

157 1324 257 1353 instar
272 1321 418 1352 beneficii
439 1319 559 1350 eximo
577 1316 683 1353 corde,
700 1319 734 1346 ut
751 1315 823 1346 urbi
841 1316 946 1345 virum
972 1315 1114 1354 aliquem
1146 1315 1340 1352 praeficerent
1371 1315 1572 1352 episcopum.
1600 1311 1681 1340 Hinc
1710 1308 1788 1338 illud

157 1374 287 1413 quidem
311 1379 384 1402 vere
405 1370 575 1405 affirmans,
591 1369 733 1399 nondum
748 1367 843 1398 ullam
860 1376 876 1397 a
902 1375 953 1397 me
979 1370 1139 1405 acceptam
1158 1366 1257 1396 fuisse
1274 1365 1399 1405 publica
1416 1363 1654 1395 renuntiatione
1672 1359 1791 1397 (Eccle—

157 1422 301 1461 siam)....
318 1421 397 1450 Cum
418 1424 524 1450 autem
542 1427 605 1449 non
623 1417 852 1456 persuaderem
872 1417 969 1446 alium
1004 1419 1039 1446 ut
1057 1416 1269 1454 praeficerent,
1287 1417 1362 1455 quia
1392 1415 1424 1445 hi
1443 1413 1573 1453 quidem
1593 1421 1655 1450 praa
1675 1417 1789 1448 magno

158 1474 220 1504 mei
240 1470 400 1503 desiderio
433 1470 570 1499 retinere
602 1468 764 1502 volebant,
785 1467 831 1496 illi
848 1475 924 1496 vcro
954 1464 1035 1496 sorte
1065 1466 1305 1505 despiciebantj
1328 1465 1421 1505 ‚nulli
1438 1468 1546 1494 autem
1576 1461 1789 1492 causabantur·

157 1534 220 1556 non
237 1532 307 1554 esse
327 1522 463 1552 liberum
482 1529 489 1548 ε
510 1520 647 1558 primum
665 1519 841 1549 Seleuciam
872 1517 945 1556 fuga
963 1527 1012 1548 me
1029 1518 1161 1554 contuli,
1192 1521 1288 1555 atque
1312 1516 1357 1546 ibi
1376 1516 1409 1546 in
1427 1514 1626 1546 Parthenone
1649 1511 1788 1543 celeber·-

156 1576 245 1611 1-imae
262 1572 409 1611 martyris
423 1569 547 1600 Theclae
563 1578 625 1599 non
643 1568 759 1607 exiguo
777 1572 919 1606 tempore
936 1571 1150 1598 commoratus
1169 1576 1239 1597 sum
1260 1567 1310 1605 (e).

161 1648 168 1654 .
195 1626 258 1656 Noc
274 1624 360 1654 dicas
377 1620 566 1658 Gregorium
583 1618 672 1649 fateri
702 1627 736 1648 ac
755 1618 908 1653 scribere,
935 1618 1119 1656 episcopum
1150 1617 1299 1647 Nazianzi
1332 1625 1366 1647 se
1384 1618 1599 1648 renuntiatum
1617 1629 1624 1648 :
1641 1631 1654 1646 α
1674 1620 1740 1658 Ego
1758 1617 1784 1650 si

155 1680 240 1708 certe
252 1680 382 1711 corpere
395 1669 523 1709 quidem
553 1668 595 1697 ita
625 1676 673 1697 me
692 1667 853 1701 haberem,
874 1671 906 1696 ut
935 1667 1084 1696 Ecclesiae
1103 1675 1228 1705 possem
1254 1667 1458 1698 Nazianzenae
1476 1677 1623 1707 praeesse,
1640 1671 1730 1709 cujus
1748 1671 1787 1702 ab

154 1726 249 1757 initio
266 1731 336 1753 sum
363 1719 477 1759 praesul
510 1717 722 1751 renuntiatus,
755 1717 861 1746 :ninus
889 1721 994 1745 autem
1026 1717 1235 1751 Sasimorum‚
1256 1720 1291 1746 ut
1309 1718 1398 1748 vobis
1429 1718 1514 1748 haud
1536 1724 1619 1749 recte
1636 1721 1785 1751 nonnulli

154 1775 301 1808 suadent,
315 1779 380 1802 non
398 1770 475 1800 adco
490 1775 560 1798 sum
578 1767 626 1807 (f),
641 1777 654 1793 ι)
669 1770 728 1796 etc.
741 1766 870 1804 Scripsit
887 1766 1015 1804 quidem
1028 1767 1199 1804 Gregorius
1211 1774 1272 1796 non
1284 1768 1380 1797 semel
1398 1775 1432 1798 se
1443 1768 1785 1808 Nazianziepiscopum

154 1825 386 1858 renuntiatum,
401 1820 456 1851 sed
474 1819 512 1849 de
532 1818 658 1858 publica
676 1817 914 1848 renuntiatione
930 1825 992 1846 non
1014 1820 1061 1847 cst
1078 1817 1325 1855 intelligendus:
1340 1826 1425 1854 vere,
1438 1819 1555 1858 inquit,
1577 1823 1646 1857 post
1661 1820 1784 1850 obitum

154 1879 265 1917 patris,
289 1887 303 1903 α
324 1872 516 1904 affirmabam
543 1870 685 1900 nondum
717 1869 813 1899 ullam
839 1873 996 1907 acceptam
1015 1878 1030 1898 a
1057 1877 1106 1898 me
1134 1868 1235 1899 fuisse
1269 1870 1395 1907 publica
1415 1872 1650 1901 renuntiatione
1680 1872 1784 1902 eccle-

154 1929 232 1960 siam
252 1939 258 1957 ε
280 1939 293 1955 1>
311 1923 437 1963 scripsit
456 1923 570 1952 iterum
587 1930 636 1959 ep.
667 1921 744 1951 alias
760 1929 881 1957 ccxxii,
900 1932 913 1947 «
933 1929 966 1950 ea
985 1929 1019 1950 se
1039 1928 1100 1949 non
1132 1921 1232 1950 teneri
1250 1921 1500 1956 renuntiatione,
1519 1932 1533 1949 ιι
1555 1930 1618 1962 qua
1633 1923 1783 1953 Nazianzi

153 1981 370 2013 renuntiatum
387 1985 457 2007 sese
469 1984 520 2006 eo.
539 1973 616 2004 alias
635 1982 737 2003 ccxxv
763 1973 884 2009 scribit,
904 1983 917 2000 ι(
932 1982 966 2002 ca
985 1979 1047 2002 non
1065 1972 1212 2009 astringi,
1232 1972 1306 2001 »uti
1332 1981 1442 2002 rursus
1460 1981 1556 2002 carm.
1571 1973 1613 2002 De
1629 1972 1695 2002 vica
1713 1982 1782 2009 sua,

153 2042 182 2062 v.
200 2031 269 2061 523.

191 2086 359 2122 Postquam
374 2078 652 2117 Constantinopoli
676 2078 707 2107 in
724 2077 857 2116 patriam
877 2085 1026 2107 reversus
1044 2079 1089 2106 est
1105 2076 1290 2114 Gregorius,
1303 2076 1535 2108 Nazianzenam
1550 2079 1666 2110 iterum
1682 2081 1782 2112 admi-

152 2136 287 2167 nistrare
306 2133 493 2167 Ecclesiam,
510 2130 658 2161 anarchia
679 2130 884 2166 laborantem,
908 2130 946 2159 ab
968 2128 1208 2167 Apollinaristis
1227 2130 1344 2160 misere
1366 2130 1544 2167 laceratam,
1562 2134 1638 2162 cleri
1653 2135 1783 2173 populi-

150 2198 213 2227 que
233 2187 381 2227 precibus
400 2188 431 2215 et
449 2183 598 2222 lacrymis
618 2186 745 2213 coactus
761 2186 830 2219 est3
849 2190 919 2212 sese
950 2181 1065 2211 iterum
1095 2180 1401 2211 administrationi«
1420 2185 1577 2215 concessit
1597 2185 1779 2225 (9),jugum

151 2240 251 2271 subiit
270 2240 323 2279 (lt),
342 2238 477 2267 vinciae
493 2235 638 2265 vinciri»
656 2243 690 2265 se
706 2235 821 2265 iterum
840 2242 954 2272 passus
971 2231 1170 2267 estffltsfitlnv,
1186 2232 1295 2266 δέσμιος
1309 2232 1434 2268 ἔρχομαι.
1455 2234 1572 2265 Verum
1590 2237 1672 2266 sicut
1692 2237 1780 2276 prius

152 2302 166 2321 fi
180 2294 265 2330 patre
279 2291 394 2324 victus,
413 2289 453 2318 ita
468 2290 547 2322 tum,
566 2295 628 2317 non
649 2298 662 2313 α
678 2287 710 2316 in
731 2286 874 2324 plenario
892 2286 1033 2317 concilio
1053 2285 1257 2316 renuntiatus
1276 2297 1288 2313 >2
1307 2286 1347 2315 ab
1362 2286 1534 2325 episcopis,
1550 2289 1604 2317 sed
1621 2297 1636 2317 a
1653 2289 1776 2318 civibus

152 2347 272 2374 tantum
288 2342 464 2379 amicisque
480 2343 620 2374 coactuS,
637 2339 677 2368 ob
692 2338 799 2376 patris,
817 2337 850 2377 (i)
867 2350 881 2365 α
903 2338 994 2377 eujus
1013 2338 1096 2369 solvi
1111 2338 1238 2368 labores
1255 2339 1396 2374 dolebat,
1412 2341 1442 2368 et
1471 2346 1580 2369 eorum
1608 2338 1663 2377 qui
1680 2338 1740 2368 hoc
1760 2347 1777 2368 a

149 2404 182 2426 se
201 2394 346 2433 precibus
364 2391 598 2423 contendebant
612 2391 835 2425 reverentiam,
866 2391 904 2421 ad
937 2394 1032 2421 breve
1061 2394 1187 2429 tempus
1218 2391 1437 2430 praefecturam
1470 2391 1560 2431 quasi
1594 2390 1708 2429 hospes
1737 2390 1777 2430 (j)

149 2447 282 2485 accepit,
300 2454 336 2475 ac
353 2444 449 2475 veluti
468 2443 665 2482 peregrinus.
685 2454 699 2469 »
721 2442 839 2472 lterum
857 2442 911 2481 (k),
926 2451 990 2473 non
1008 2453 1021 2471 t<
1042 2443 1199 2481 proprias,
1229 2454 1244 2471 »
1264 2443 1412 2482 proprius
1430 2446 1463 2473 ut
1479 2441 1661 2480 episcopus,
1686 2451 1699 2466 α
1719 2438 1778 2469 ha-

150 2496 369 2533 benas‚»sed«
381 2495 623 2532 alieiias,»{2'vnv
638 2495 727 2529 ἡνίαν,
745 2495 907 2534 suscepit;
927 2496 1046 2534 quippe
1063 2495 1117 2534 qui
1135 2504 1172 2526 eo
1194 2496 1264 2535 ipso
1285 2497 1354 2527 loco
1370 2490 1503 2526 alterids
1520 2494 1625 2534 gregis
1642 2494 1773 2533 pedum,

137 2635 142 2645 ·
185 2628 223 2661 (a)
245 2628 290 2655 Or.
306 2628 347 2658 12,
368 2628 403 2655 al.
416 2628 441 2653 8.
1022 2629 1055 2663 (f)
1078 2629 1124 2661 Ep.
1141 2630 1175 2655 al.
1193 2630 1256 2655 ‘2-255.

186 2665 221 2694 tlt)
243 2665 281 2689 Ad
297 2664 399 2689 Panno.
419 2669 445 2689 ct
466 2663 543 2697 epist.
566 2663 608 2694 fit,
633 2662 690 2689 Lib.
711 2672 718 2689 ι
744 2670 811 2690 conl.
830 2664 888 2693 λον,
908 2670 933 2691 ct
1024 2667 1059 2697 (q)
1087 2665 1253 2698 'lixtrziimpa
1271 2664 1318 2696 Ep.
1337 2663 1371 2689 al.
1385 2663 1447 2690 ⁶222.

149 2698 185 2724 De
202 2700 290 2729 script.
306 2699 368 2723 eccl.
1024 2702 1062 2732 (Ιι)
1083 2699 1151 2733 Αὺχέ
1207 2699 1310 2733 καμῴκ.
1328 2699 1416 2723 (lurni.
1434 2700 1458 2727 7,
1480 2706 1502 2723 v.
1523 2699 1565 2724 80.

184 2738 216 2765 tc)
239 2733 322 2766 Epist.
344 2735 378 2759 al.
396 2733 440 2760 42.
1025 2735 1055 2767 (i)
1076 2735 1164 2759 uui-ni.
1186 2734 1244 2765 itti,
1266 2742 1290 2758 v.
1315 2734 1374 2763 tut,
1391 2739 1415 2758 ct
1435 2735 1480 2766 lip.
1501 2735 1533 2759 ul.
1554 2733 1588 2759 42

183 2769 221 2801 (tl)
241 2769 330 2794 (Lario.
348 2769 385 2794 De
402 2770 450 2793 vitu
466 2777 523 2799 sua,
542 2775 564 2794 v.
583 2768 633 2794 528
649 2772 673 2794 ct
692 2776 747 2802 seq.
1025 2769 1057 2802 (j)
1085 2769 1127 2799 Ὠς
1145 2769 1229 2800 ξένος.
1254 2769 1337 2802 t-lptsi.
1357 2769 1392 2795 al.
1412 2769 1455 2794 42.

182 2808 215 2835 (e)
239 2804 315 2835 thim,
338 2811 361 2829 v.
379 2803 439 2829 5532.
1025 2803 1060 2838 (li)
1082 2803 1170 2830 Carni.
1196 2803 1253 2834 143,
1276 2812 1300 2829 v.
1323 2804 1370 2829 ¹05
1387 2809 1412 2830 ct
1430 2802 1486 2829 ¹89.
