1838 3046
108 100 157 125 :127
722 103 749 129 S.
771 103 933 130 (tntQGoRtt
954 103 1127 133 THEOLOGl
1685 110 1736 138 5228

110 160 185 197 quid
204 159 349 189 acerbius
365 159 480 196 dicam,
499 161 554 204 qui
572 162 720 200 Eunapii‚
739 163 879 197 Zozimi,
897 163 1022 193 Libanii
1041 165 1186 202 vestigiis
1205 165 1408 199 inhoerentes,
1426 166 1579 197 miserum
1597 167 1734 205 Aposta›2

111 206 170 228 uun
187 206 248 227 non
267 199 361 229 modo
378 199 524 229 maximis
543 200 691 230 laudibus
714 203 850 231 ett'erunt
866 223 874 236 ,
895 211 1004 232 verum
1023 203 1117 233 etiam
1133 213 1200 234 eam
1225 204 1438 235 laudationem
1460 215 1530 236 cum
1552 212 1733 239 sanctorum

112 241 234 268 Patrum
253 238 487 275 vituperatione
509 248 543 269 ao
559 239 731 270 Christiani
751 241 891 270 nominis
909 241 1024 280 injuria
1040 265 1047 276 ,
1064 244 1273 282 conjungunt.
1294 245 1372 279 Quis
1397 245 1502 275 tulerit
1524 246 1650 276 Petrum
1667 247 1733 278 Cu-

112 287 213 307 na=um
231 278 293 316 (3ss)
309 283 504 308 asserentem
522 291 535 306 ι(
555 280 637 309 viros
655 280 771 317 pictate
789 280 945 317 insignes,
961 282 1068 311 studio
1087 284 1220 318 partium
1238 284 1410 313 obium-atos
1428 288 1456 314 ct
1475 294 1625 322 perquam
1644 296 1733 317 acer-

112 318 167 346 bos
189 317 288 347 fuisse
303 328 309 351 ;
327 330 338 343 υ
353 318 492 355 indeque
508 318 672 353 accidisse,
689 330 702 345 r(
720 323 835 348 utcum
855 320 894 348 de
912 320 962 355 iis,
979 321 1034 359 qui
1055 322 1129 351 olim
1150 322 1269 359 vixere,
1290 323 1655 362 principibusjudicium
1673 326 1733 357 ser-

113 361 173 391 tur,
193 357 326 386 multum
345 366 402 387 nos
417 358 554 393 decipiat
570 363 709 387 veterum
730 359 940 396 quorumdam
953 381 961 395 ,
979 369 1060 398 quos
1080 361 1109 390 in
1127 362 1266 392 Ecclesia
1284 362 1339 392 Dei
1360 362 1461 393 claros
1479 368 1573 403 atque
1591 364 1734 396 illustres

111 396 212 425 fuisse
230 405 361 431 scimus,
377 397 557 426 auctoritas.
573 398 646 426 »Me
664 398 761 435 pudet
777 402 887 427 caetcra
903 400 1053 437 prosequi
1072 409 1142 438 quoe
1159 401 1188 430 in
1206 406 1331 432 sanctos
1349 403 1454 431 Patres
1472 412 1526 439 per
1540 403 1731 435 calumniam

112 436 241 471 evomit,
263 446 297 465 ac
317 445 388 474 quie
404 436 543 473 gloriose
559 437 705 474 praedieat
724 436 762 467 de
779 437 921 472 Juliano,
939 447 1033 476 quem
1052 440 1260 471 Constantino
1277 442 1370 479 longe
1395 443 1644 479 prtestantiorem
1669 453 1731 474 non

112 479 238 504 veretur
257 484 418 509 asserere,
441 479 470 504 et
496 484 532 504 co
555 484 656 513 usque
683 477 884 515 progreditur
909 478 1103 514 impietatis,
1122 479 1187 509 imo
1204 481 1366 517 amentiae,
1386 485 1418 510 ut
1436 481 1517 511 dicat
1532 504 1540 516 ,
1561 493 1574 508 «
1594 483 1733 514 subiisse

112 515 253 544 animum
272 524 364 544 sunni
381 514 497 543 Juliani
516 515 773 551 venerationem;
794 528 807 543 »
827 516 884 545 viri
905 517 1056 547 nimirum
1074 518 1164 555 cujus
1181 521 1372 550 exsecranda
1390 521 1542 550 omnibus
1568 526 1650 551 retro
1669 531 1731 552 see-

112 554 192 584 culis
209 554 280 587 suit,
298 554 422 591 eritque
442 562 569 591 semper
584 556 747 585 memoria.
765 555 907 586 Clericus
924 555 984 595 (37)
1002 557 1112 587 eodem
1130 567 1164 588 ac
1179 558 1316 589 Cunmus
1334 559 1449 589 delirio
1465 565 1608 596 vexatus,
1628 562 1732 592 Theo-

112 593 182 631 lugo
201 605 213 619 (ι
234 594 436 623 acerbitatem
453 593 550 623 animi
573 598 602 623 ot
622 594 842 632 impotentiam
860 606 874 622 »
895 595 1024 633 affingit,
1045 597 1111 626 Vox
1136 597 1270 628 Libanio
1297 603 1326 629 et
1351 599 1479 628 Zoziino
1506 601 1598 637 digna
1612 623 1619 635 ,
1636 605 1733 639 atque

112 633 170 665 iis,
192 632 244 670 qui
271 642 285 661 a
307 633 460 662 catholica
488 633 643 671 religione
668 634 865 664 defecerunt.
893 636 933 664 lis
956 636 1175 666 sanctissimos
1194 637 1342 667 Ecclesiae
1359 639 1464 668 Patres
1490 632 1651 678 aspernari
1668 663 1676 672 ,
1702 644 1733 670 et.

111 675 294 710 Apostatam
307 672 436 702 laudare
453 679 640 702 concessum
658 677 714 703 est.
730 675 768 704 At
787 674 881 709 unde,
900 683 1021 713 quaeso,
1039 675 1104 704 illis
1121 676 1159 705 de
1175 676 1292 706 Juliani
1311 678 1483 707 virtutibus
1500 681 1646 709 constat?
1663 681 1731 709 Non

112 711 240 740 aliunde
258 711 418 748 profecto,
438 711 462 740 si
484 721 554 741 vera
572 712 660 742 fateri
680 713 798 747 velint,
824 723 918 752 quam
944 723 980 743 ex
1009 715 1111 752 ipsius
1130 715 1168 744 de
1184 724 1217 745 se
1233 716 1353 746 Juliani
1370 718 1553 747 testimonio
1569 719 1628 758 (38)
1644 740 1651 753 ‚
1683 720 1729 748 vel

111 751 248 784 Libanii,
270 751 407 785 zozimi,
430 752 588 781 Ammiani
607 753 802 786 Marcellini,
819 753 1018 783 ethnicorum
1037 763 1150 792 nempe
1173 756 1383 794 scrIptorum,
1405 757 1458 794 qui
1481 766 1535 795 pro
1552 766 1610 787 suo
1631 760 1660 787 in
1679 768 1730 788 re-

112 790 240 827 ligionis
254 790 441 820 Christianre
456 790 650 821 desertorem
671 801 777 822 amore
801 796 896 831 atque
919 793 950 822 in
970 792 1167 823 Christianos
1184 794 1258 824 odio
1283 803 1317 824 ac
1339 795 1456 830 livore,
1484 797 1616 834 plurima
1635 800 1673 827 de
1691 807 1729 826 eo

110 835 183 859 sunt
213 831 348 859 mentiti.
380 831 449 866 Quo
471 831 565 867 jure?
585 841 645 869 qua
669 832 840 870 mquitate,
866 832 1002 862 ethnicis
1031 833 1240 870 scriptoribus
1273 835 1464 864 sanctissimi
1492 844 1525 865 ac
1554 836 1731 866 doctissimi

110 869 260 899 Ecclesia!
277 870 380 899 Patres
400 871 651 907 posthabentur?
670 872 716 901 An
741 880 812 901 vero
830 872 991 908 graviores
1008 881 1042 901 ac
1066 872 1295 902 luculentiores
1311 877 1386 903 sunt
1404 874 1545 903 veritatis
1566 880 1660 906 testes
1678 877 1729 906 Li-

112 909 226 939 banius
247 913 276 939 et
294 909 455 944 ZoziiiiiiS‚
473 910 620 947 gentiles,
637 920 730 949 quam
747 910 920 948 Gregorius
941 915 1048 941 nostor
1064 916 1094 941 et
1111 911 1250 948 Cyrillus
1268 913 1526 943 Alexandrinus?
1551 915 1622 944 Haec
1646 917 1730 945 serio

113 949 309 986 perpendant
326 949 370 977 illi
388 958 404 977 e
422 949 551 985 nostris,
574 950 627 988 qui
648 950 880 980 inconsiderate
896 951 934 980 de
951 951 1079 980 Juliano
1098 951 1186 988 plura
1204 952 1338 981 nimium
1357 952 1495 989 gloriose
1508 975 1515 987 ,
1542 963 1599 983 nec
1616 959 1663 984 sat
1681 964 1732 983 ve·-

112 988 250 1017 rerunde
265 988 304 1017 de
319 988 370 1017 SS.
388 988 545 1024 Patribus,
569 990 704 1019 maxime
722 990 888 1027 Gregorio,
907 990 1116 1028 scripserunt.
1137 992 1251 1028 Legant
1267 992 1426 1029 Apostatffi
1444 991 1633 1025 laudatores,
1653 995 1728 1032 qnid

110 1027 272 1063 scripserit
287 1028 488 1065 Augustinus
506 1028 567 1066 (39)
583 1029 735 1059 adversus
752 1030 953 1062 Donatistas,
981 1031 1059 1068 qui,
1088 1030 1194 1059 obtato
1219 1030 1292 1061 huic
1316 1030 1498 1067 imperatori
1526 1032 1661 1069 supplici
1692 1033 1729 1062 li-

111 1067 205 1099 betto,
223 1068 291 1105 ejus
306 1067 461 1103 justitiam
481 1068 706 1102 laudaverant,
727 1078 765 1099 no
785 1069 914 1106 quidem
934 1077 1044 1106 passus
1070 1070 1099 1098 S.
1118 1070 1234 1099 Doctor
1256 1070 1301 1099 vel
1329 1070 1424 1099 unius
1446 1070 1580 1109 justitia!
1607 1071 1730 1102 laudam

109 1106 237 1136 saliano
263 1107 381 1141 tribui,
401 1115 458 1137 nec
482 1107 511 1136 id
538 1107 737 1138 Christianos
764 1109 875 1138 decere
898 1113 997 1143 ratus,
1021 1109 1133 1138 acriter
1154 1109 1299 1148 objurgat
1325 1113 1420 1147 atque
1441 1111 1577 1147 exagitat
1602 1112 1733 1140 Donati-

109 1151 183 1175 stas.
204 1146 275 1175 Haec
291 1147 414 1176 anobis
433 1150 535 1176 nostra
555 1147 583 1176 in
602 1152 726 1177 sanctos
741 1148 845 1177 Patres
859 1148 1071 1181 observantia,
1088 1152 1118 1177 et
1133 1149 1274 1178 debitum
1291 1148 1439 1185 religioni
1456 1150 1596 1178 studiuzn
1610 1151 1731 1180 clicuit.

151 1185 204 1214 tv.
230 1185 412 1216 Posthabito
429 1187 524 1223 igitur
543 1187 719 1216 adulatorio
736 1187 935 1217 ethnicorum
953 1187 990 1216 de
1010 1188 1159 1225 Apostata
1187 1188 1370 1217 testimonio
1386 1209 1393 1218 ,
1420 1197 1490 1217 vera
1515 1198 1584 1218 esse
1606 1198 1676 1226 quae
1693 1191 1732 1219 dr:

110 1225 180 1262 ipso
196 1225 352 1263 scripsere
371 1226 470 1255 sancti
490 1227 606 1262 Patres,
626 1230 720 1264 atque
752 1227 899 1263 inprimis
918 1227 1112 1264 'l'lieologus,
1132 1235 1355 1264 agnoscamus.
1373 1228 1446 1257 Haec
1464 1229 1548 1257 tirma
1565 1251 1572 1263 ‚
1600 1229 1663 1259 tirec
1679 1232 1731 1258 in-

110 1273 262 1294 concussa
284 1268 433 1301 manent3
459 1269 487 1294 et
501 1266 566 1302 jam
586 1274 657 1295 cum
683 1267 890 1296 clarissimo«
910 1266 1081 1296 Annalium
1101 1266 1387 1297 ecclesiasticorum
1407 1278 1421 1294 ›>
1444 1272 1572 1305 parente
1590 1267 1648 1306 (⁷40)
1676 1269 1733 1298 mi-

110 1304 171 1333 rari
189 1303 291 1339 subit,
310 1314 403 1343 quam
421 1305 569 1342 graphice
584 1305 644 1336 sub
663 1306 847 1335 adumbrata
873 1305 1012 1335 hominis
1031 1309 1180 1343 apostatae
1200 1307 1318 1341 forma,
1341 1306 1443 1344 ipsius
1463 1307 1582 1336 Juliani
1605 1308 1730 1345 singula

108 1352 244 1382 qumque
262 1343 455 1374 lineamenta
473 1344 611 1383 Scriptor
631 1354 720 1375 sacer
738 1345 932 1383 expresserit
949 1345 1034 1374 hisce
1054 1345 1181 1374 verbis:
1201 1356 1215 1373 «
1234 1346 1336 1375 Homo
1351 1350 1504 1383 apostata.
1524 1347 1568 1375 vir
1585 1347 1709 1376 inutilis
1724 1370 1732 1382 ,

110 1386 252 1420 graditur
271 1392 325 1414 ore
344 1392 512 1422 perverso,
530 1384 641 1413 annuit
661 1385 780 1418 oculis,
800 1384 870 1414 terit
887 1385 984 1423 pede,
1002 1384 1103 1422 digito
1121 1384 1275 1422 loquitur.
1304 1393 1398 1423 pravo
1415 1386 1509 1415 corde
1534 1386 1733 1416 machinatur

110 1424 249 1456 malum,
268 1428 296 1452 ct
316 1424 401 1453 omni
429 1427 569 1461 tempore
591 1423 697 1462 jurgia
724 1424 871 1454 seminat.
901 1424 984 1454 Huic
1011 1424 1170 1462 extemplo
1189 1425 1295 1455 veniet
1315 1424 1450 1463 perditio
1468 1434 1543 1460 sua,
1571 1429 1600 1455 ct
1623 1426 1732 1456 subito

108 1466 301 1497 conteretur,
323 1472 380 1492 nec
398 1463 522 1492 habehit
542 1464 618 1492 ultra
637 1464 824 1493 medicinam
842 1463 874 1493 ³⁶.
895 1476 908 1491 ›>

150 1503 185 1531 V.
205 1502 238 1531 ln
259 1502 356 1539 prima
374 1503 555 1538 §intentu—a,
571 1514 585 1530 «
601 1502 751 1538 hominis,
767 1515 780 1530 »
795 1507 827 1533 ut
842 1503 907 1540 ipsi,-
920 1504 961 1532 ait
975 1504 1159 1541 Gregorius,
1176 1513 1232 1533 seu
1249 1503 1368 1533 Juliani
1384 1514 1397 1530 α
1413 1503 1601 1539 improbitas
1615 1512 1649 1533 ac
1662 1513 1733 1542 per-

110 1542 242 1571 versitas
263 1542 388 1571 abunde
405 1542 602 1579 ostenditur,
622 1546 682 1572 tam
701 1551 755 1579 per
770 1552 802 1571 ca
825 1552 894 1581 quae
911 1543 1063 1572 adversus
1080 1543 1258 1573 Catholicos
1274 1544 1326 1579 75
1342 1544 1546 1581 perpetravit,
1565 1553 1658 1582 quam
1678 1552 1732 1581 por

111 1590 145 1610 ra
162 1589 232 1618 quae
249 1581 350 1611 facere
368 1581 505 1619 parabat.
528 1594 541 1608 1>
560 1583 593 1611 ln
611 1582 705 1611 altera
721 1586 826 1611 auum
842 1583 1019 1617 invectiva,
1045 1591 1102 1612 seu
1119 1584 1263 1612 oratione
1280 1583 1388 1619 quinta
1407 1582 1481 1621 (tt).
1506 1591 1577 1619 quae
1594 1587 1731 1620 estpars

109 1621 204 1650 altera
222 1625 251 1650 et
276 1622 435 1658 appendix
453 1621 547 1659 hujus
563 1621 679 1658 operis,
700 1621 798 1650 alium
819 1622 878 1651 sibi
897 1625 1001 1651 orator
1019 1630 1150 1659 scopum
1173 1621 1336 1660 proponit,
1355 1629 1494 1658 euinque
1510 1643 1516 1656 ,
1534 1633 1546 1648 ι(
1563 1626 1627 1651 tum
1650 1622 1734 1659 apud

110 1660 211 1689 Deum
228 1661 431 1696 sanctiorem,
450 1664 514 1690 tum
535 1661 737 1691 auditoribus
751 1661 992 1698 jucundiorem,
1008 1665 1103 1700 atque
1123 1663 1203 1691 adeo
1221 1662 1355 1700 posteris
1378 1662 1559 1694 utiliorem,
1579 1662 1733 1691 nimirum

112 1704 143 1728 ut
161 1700 197 1729 ad
218 1708 252 1728 ea
272 1708 342 1738 quae
358 1701 507 1738 superius
523 1701 603 1729 dicta
622 1701 824 1738 sunt‚justas
841 1701 897 1730 Dei
916 1701 1020 1730 lances
1037 1702 1199 1738 adiungat,
1217 1709 1336 1737 easque
1354 1709 1461 1737 poenas
1479 1702 1599 1738 quibus
1619 1702 1735 1738 impro-

108 1738 190 1768 bitas
206 1743 432 1776 compensatur
446 1743 475 1769 et
491 1744 658 1769 exercetur
675 1751 688 1767 n
705 1740 874 1769 describat.
892 1740 921 1768 ls
939 1743 985 1769 est
1001 1749 1117 1776 scopus
1134 1740 1264 1769 atterius
1285 1739 1463 1774 invectivae,
1482 1741 1513 1769 iu
1535 1749 1595 1779 qua
1615 1740 1733 1769 tuliani

110 1783 242 1807 mortem
263 1779 480 1817 prosequitur.
500 1780 570 1808 Duo
588 1779 685 1817 igitur
703 1779 794 1808 nabis
815 1780 1021 1817 expendenda
1039 1784 1224 1817 supersunt.
1242 1779 1381 1808 Primum
1417 1780 1560 1817 quidem,
1587 1780 1625 1808 de.
1654 1781 1735 1809 Ora-

110 1818 265 1854 tionibus,
301 1826 340 1847 an
368 1818 493 1856 scriptae
509 1821 631 1848 tantuin
653 1840 661 1852 ‚
680 1827 717 1848 an
738 1819 830 1848 dictae
847 1818 1110 1857 quoquesuerint
1129 1819 1286 1848 :alterum
1305 1819 1344 1848 de
1360 1818 1535 1848 Constantii
1565 1819 1711 1849 laudibus
1724 1840 1732 1854 ,

110 1865 181 1896 quaa
198 1866 260 1886 non
282 1866 456 1896 paucorum
473 1857 596 1887 animos
617 1858 821 1888 oll'enderunt
839 1860 927 1893 olim,
946 1858 1106 1897 hodieque
1124 1860 1219 1888 etiam
1240 1858 1419 1887 offendunt.

163 1897 214 1926 vt.
239 1897 302 1926 llas
329 1896 496 1927 Orationes
527 1896 623 1927 factas
651 1897 871 1935 scriptasque,
903 1901 936 1927 ut
963 1906 1067 1927 corani
1105 1898 1224 1936 populo
1250 1897 1506 1927 declainarcntur
1527 1919 1534 1933 ‚
1564 1897 1732 1927 exordium

109 1937 225 1974 prioris
240 1957 247 1970 ‚
276 1936 401 1975 aliaque
421 1938 537 1974 passim
558 1939 650 1966 verba
672 1937 820 1967 videntur
836 1938 1075 1974 demonstrare3
1103 1941 1181 1967 atre
1201 1938 1266 1974 ipsa
1288 1937 1506 1973 pronuntiatas
1526 1945 1587 1965 non
1610 1937 1709 1965 fuisse
1724 1959 1733 1972 ,
1776 1935 1779 1939 ’

109 1983 146 2006 ex
167 1976 235 2013 ipso
252 1976 404 2014 Gregorio
421 1978 549 2006 credere
565 1977 708 2013 cogimur
726 1986 732 2005 :
750 1977 870 2015 quippe
888 1977 966 2015 qui,
991 1977 1104 2006 divisis
1118 1985 1158 2005 «a
1175 1977 1265 2006 Patre
1283 1987 1297 2002 »
1317 1975 1527 2014 discissisque
1548 1976 1710 2005 monachis
1726 1998 1734 2011 ,

109 2023 289 2045 sermonem
309 2025 341 2045 se
362 2017 529 2053 abjecisse,
547 2016 732 2055 neminique
751 2017 943 2051 concessise,
962 2016 1076 2045 iterum
1093 2020 1187 2054 atque
1203 2016 1316 2045 iterum
1337 2015 1500 2051 protitctur
1515 2016 1586 2055 (tta).
1606 2015 1662 2044 Illa
1680 2023 1735 2044 au-

110 2059 170 2083 tem
192 2055 309 2084 divisio
328 2056 571 2093 perseverabat,
599 2059 627 2084 ct
654 2057 693 2086 de
718 2055 924 2085 Nazianzenae
944 2055 1094 2085 Ecclesiae
1119 2056 1291 2085 schismate
1309 2054 1412 2089 dolor,
1438 2055 1492 2092 qui
1513 2055 1574 2093 (43)
1600 2067 1613 2082 «
1637 2055 1733 2085 veluti

109 2095 212 2123 nubes
228 2095 333 2132 aliqua
360 2104 413 2124 cor
428 2094 573 2132 Gregorii
591 2095 724 2125 subiens
746 2095 904 2125 sermonis
937 2095 1041 2124 radios
1069 2095 1257 2132 obtegebat,
1284 2105 1298 2120 »
1322 2102 1392 2123 cum
1418 2094 1595 2124 lnvcctivas
1616 2094 1734 2124 scribe-

110 2138 167 2163 ret.
185 2133 276 2168 Quod
294 2134 422 2172 quidem
441 2134 641 2164 manifestum
671 2140 718 2164 est
736 2135 784 2164 his
807 2135 910 2164 verbis
930 2134 1094 2172 Gregorii,
1121 2135 1239 2172 ‹piibus
1261 2141 1322 2162 non
1343 2132 1422 2162 alios
1440 2142 1534 2170 quam
1559 2134 1732 2163 monachos

109 2174 181 2203 lidci
200 2174 267 2202 zelo
283 2174 492 2203 l'erventiores
508 2196 515 2207 ,
544 2179 573 2203 et
600 2183 615 2203 a
642 2175 796 2212 Gregorio
814 2179 898 2212 patre
915 2173 1031 2204 idcirco
1048 2174 1241 2203 dissidentes
1263 2175 1349 2201 notat
1365 2172 1438 2211 (54¹4).
1458 2183 1471 2199 α
1491 2174 1595 2210 Atque
1614 2173 1732 2202 utinam

109 2213 162 2241 ille
175 2221 305 2251 quoque
320 2218 418 2244 coetus
431 2214 468 2242 ad
483 2214 614 2243 chorum
634 2220 777 2243 nostrum
793 2222 826 2243 se
843 2213 1005 2251 adjungat,
1022 2213 1075 2251 qui
1094 2222 1163 2242 cum
1180 2213 1268 2251 prius
1284 2212 1464 2241 cantionem
1484 2212 1732 2250 haudquaquam

109 2252 319 2281 adulterinam
341 2257 370 2282 et
392 2253 564 2289 ignobilem
583 2253 689 2291 (atque
707 2253 778 2283 ideo
796 2262 857 2282 non
876 2252 1039 2290 Arianaui)
1056 2254 1121 2282 Deo
1138 2252 1311 2287 accineret,
1328 2259 1362 2280 ac
1377 2250 1488 2280 dextro
1504 2252 1664 2289 quondam
1683 2258 1735 2279 or-

109 2291 183 2320 dini¹
205 2291 280 2329 (quo
296 2292 516 2322 statuebantur
536 2292 666 2321 honoris
685 2302 777 2322 rausa
798 2292 955 2330 monachi)
974 2292 1088 2329 dignus
1109 2292 1291 2325 haberetur,
1308 2293 1404 2333 atque
1419 2290 1525 2326 etiam,
1548 2293 1580 2319 ut
1596 2290 1733 2333 consido,

110 2330 196 2360 brevi
219 2331 398 2367 habebitur,
419 2332 501 2361 haud
519 2332 584 2361 scio
602 2341 663 2370 qua
685 2342 717 2361 re
734 2336 923 2367 coiinzuittis,
947 2335 1078 2368 repente
1093 2335 1220 2361 cantum
1238 2330 1270 2359 in
1289 2329 1450 2359 diversum
1470 2333 1586 2362 mutat,
1604 2330 1734 2366 auoque

109 2371 206 2406 gradu
227 2375 320 2407 atque
340 2371 452 2400 ordine
472 2379 504 2400 sc
524 2371 674 2405 collocat;
700 2380 735 2401 ac
763 2381 801 2401 ne
827 2372 867 2401 ob
885 2380 1089 2401 communem
1111 2370 1241 2408 quidem
1265 2368 1403 2398 laetitiam
1425 2369 1538 2398 adduci
1558 2372 1682 2406 potest,
1702 2373 1734 2397 ut

110 2410 276 2438 nobiscnm
295 2410 516 2447 conjungatur,
537 2422 550 2436 i)
571 2415 629 2439 etc.
649 2412 720 2440 ilzec
737 2411 921 2440 nullatenus
941 2410 1067 2440 Arianis
1082 2432 1089 2444 ,
1117 2410 1172 2439 sed
1198 2408 1361 2438 monachis
1377 2407 1496 2445 optime
1512 2409 1733 2441 conveniunt,

111 2449 155 2477 uti
183 2451 335 2487 permulta
353 2450 424 2478 alia.
452 2450 587 2479 istorum
606 2462 619 2475 (ι
639 2460 672 2480 se
691 2451 819 2480 retineri
840 2451 918 2485 tide,
937 2461 949 2476 »
970 2459 1008 2479 ne
1034 2451 1137 2479 zelum
1165 2449 1195 2478 in
1222 2456 1277 2477 eos
1297 2450 1441 2476 exerceat
1457 2468 1465 2481 ‚
1496 2447 1647 2479 eosdem,
1669 2458 1683 2473 «
1703 2452 1735 2474 ut

110 2489 248 2516 inroitu-a
267 2498 322 2516 sua
340 2488 445 2517 lovere
461 2498 494 2518 se
509 2489 719 2528 adliucatquc
739 2489 916 2527 complecti,
932 2501 944 2515 υ
958 2489 1001 2518 ait
1014 2488 1197 2526 'l'heologus
1212 2486 1285 2524 (125).
1302 2486 1388 2515 Itane
1405 2485 1443 2515 de
1464 2486 1591 2515 Arianis
1609 2486 1734 2529 locutus

110 2528 244 2556 luisset?
261 2528 304 2557 De
323 2529 487 2557 monacbis
505 2529 601 2566 igitur
631 2538 645 2557 a
674 2533 760 2566 patre
777 2529 931 2566 Gregorio
950 2527 1182 2559 dissidentibus
1204 2526 1270 2555 haec
1291 2529 1366 2554 sunt
1386 2525 1614 2563 intelligenda3
1640 2525 1735 2555 dissi-

144 2603 166 2617 Μ
178 2602 257 2629 Ρῐυν.
275 2611 311 2634 Vt,
333 2604 423 2630 1243.

145 2672 199 2697 (ΓΜ)
222 2671 292 2697 t·‹·u·.
311 2672 435 2703 (linimus,
450 2671 525 2697 pra-s.
541 2673 566 2697 iu
580 2673 681 2697 ,tuliani
697 2673 822 2699 (ju-sares.
985 2671 1040 2705 (40)
1061 2670 1122 2696 Bar.
1139 2672 1170 2696 ad
1192 2680 1234 2696 an.
1252 2671 1313 2701 505,
1331 2676 1349 2696 t.
1367 2671 1409 2701 lV,
1424 2678 1448 2705 p.
1473 2671 1528 2697 ΙιΗ.

147 2706 200 2737 ‹37›
221 2707 339 2733 Clericus
355 2707 420 2733 Bibt.
439 2708 510 2733 univ.
528 2712 546 2733 t.
561 2707 650 2738 xvttt,
666 2716 728 2741 aiut.
746 2709 825 2741 1690,
842 2711 894 2734 art.
986 2706 1039 2739 (Η)
1059 2706 1105 2732 Οι·.
1123 2713 1147 2736 v,
1163 2715 1187 2731 n.
1208 2707 1231 2732 i.

114 2740 137 2768 l,
157 2749 180 2772 p.
199 2741 242 2767 722.
985 2741 1041 2773 (4⁹2)
1062 2741 1107 2767 Or.
1124 2748 1203 2770 v1,n.
1222 2741 1247 2766 3.

148 2777 201 2807 ,33)
221 2777 375 2803 l’ra1l'.e‹lit.
392 2777 471 2810 Opcr.
489 2777 585 2803 Juliani
602 2785 664 2803 ann.
682 2777 759 2803 1630.
984 2776 1041 2807 (43)
1063 2776 1100 2801 lb·
1122 2784 1147 2802 n.
1164 2776 1191 2801 ‘2-

146 2811 199 2843 ιῖιυ)
222 2813 287 2844 Aug.
303 2818 388 2838 rontr.
411 2813 493 2846 Epist.
516 2813 639 2839 Parmcn.
665 2812 709 2839 lib.
731 2820 748 2844 t,
765 2820 788 2839 c.
807 2813 849 2846 ¹2,
868 2821 894 2839 n.
985 2811 1040 2844 (M)
1061 2810 1106 2836 Or.
1123 2819 1158 2842 ιν.
1177 2819 1202 2837 tt.
1221 2811 1263 2838 ¹0.

111 2844 151 2872 nr.
172 2853 196 2879 p.
216 2846 259 2878 25.
274 2853 291 2872 t.
308 2847 351 2873 lX.
986 2845 1040 2879 (45)
1063 2845 1098 2872 Η)-
