1838 3046
134 75 185 100 235,

787 71 866 97 x'tTA
888 70 915 97 S.
937 68 1109 96 GREGORtt.

1703 72 1755 98 236

135 132 240 157 mollum
263 135 287 156 ct
312 130 464 163 regulam...
486 129 573 155 inveni
598 129 728 163 optimum
752 130 917 160 remedium;
935 132 956 159 Α
972 130 1049 155 tidem
1064 128 1192 155 adversus
1207 128 1346 155 noereticos
1358 127 1531 155 anttlesendit
1544 129 1610 163 ipse,
1623 133 1667 156 aut
1679 130 1753 163 alios,

134 178 237 203 scilicet
250 176 432 210 comprimens
448 179 531 201 toturn
545 182 696 201 sermonem
711 176 818 201 excelso
835 180 921 208 pecto-

135 231 173 254 re,
187 228 214 248 ut
230 223 314 248 discat
331 222 420 255 lingua
435 228 494 255 quae
507 221 617 247 dicenda
631 226 657 247 et
670 228 728 254 qua·
741 229 791 247 non
808 221 919 247 dicenda

133 270 187 297 cint
203 270 366 295 discerncre.
384 277 392 292 ι

135 313 250 340 tthxt.
281 313 404 339 Nectar-io
438 313 526 338 scribit
551 312 673 338 adversus
705 311 919 344 Apollinariseus.

171 358 226 384 ttoc
248 358 375 391 temporis
402 362 498 387 tractu,
523 357 640 383 haeretici
665 362 745 390 caput
768 356 922 382 extulerunt

136 403 162 428 in
177 402 242 428 urbe
261 403 342 435 regia,
363 401 429 427 adeo
448 406 476 426 nt
493 401 577 426 libere
591 405 740 428 conventus·
754 405 874 433 agerent,
896 405 922 426 ct

136 449 259 482 dogmata
275 455 321 474 sua
339 447 526 481 praetlicarent.
549 446 600 472 Alii
619 445 726 479 quidem
742 445 797 470 sola
816 445 921 478 episco-

136 501 229 527 porum
261 498 305 518 ant
334 492 521 526 pra=sce10rnm
556 490 696 517 tolerantia
730 491 754 516 itl
788 490 920 523 agebant;

135 539 331 573 Apollinaristze
349 546 422 570 vero,
444 538 522 564 tacita
542 537 582 562 vel
605 544 731 570 expressa
748 536 864 569 lieentia,
882 543 923 562 se-

136 585 207 617 ipsos
224 585 381 611 orthodoxis
405 584 582 617 aqnipararc,
611 587 637 608 ct
661 583 753 608 eadem
777 590 837 607 cum
859 582 924 616 ipsis

136 630 260 656 libertate
278 630 328 656 frui
343 629 508 656 sinebantur.
526 628 629 660 Quibus
653 628 751 654 auditis
765 627 922 662 Gregoriusr

136 677 268 705 Nectar-io,
284 683 362 709 quem
382 676 407 701 in
423 683 451 701 se
467 674 624 701 benevolum
640 673 694 706 jam
714 678 841 707 expertus
855 678 922 705 erat,

136 722 275 755 epistolam
290 721 406 754 scripsit,
424 728 483 754 qum
498 721 568 746 inter
581 719 718 745 orationes
734 725 846 745 nmnero
862 726 922 744 xtvt

136 768 342 798 censebatut·,et
360 767 391 792 ‹le
407 774 534 793 concessa
547 765 744 799 Apollinaristis
759 764 866 791 licentia
881 772 932 792 ve:

136 813 338 840 hementissime
358 817 519 846 conquestus
539 816 579 837 est
603 820 609 836 :

136 860 207 893 quit,
223 864 259 885 cx'
273 858 398 885 omnibus
420 856 610 884 ecclesiasticis
635 854 833 881 calamitatibus
849 861 923 880 acer-

137 906 289 936 bissimum,
306 904 555 937 Apollinaristarum
569 901 674 928 licentia
691 905 742 930 est,
763 899 833 933 quod
852 899 922 925 haud

136 951 194 977 scio
210 951 343 983 quomodo
361 949 445 982 pietas
463 953 506 974 tua
530 951 709 974 conventuum
731 953 806 979 :eque
825 952 856 971 ac
876 952 923 971 nos

138 996 320 1022 habendorum
334 994 521 1020 auctoritatem
536 993 585 1019 sibi
600 997 742 1025 arrogasse
755 994 836 1023 atque
847 996 924 1015 usur-

139 1049 216 1076 passe
232 1048 309 1075 passa
326 1040 416 1066 l'nerit.
437 1048 444 1064 ι
460 1039 605 1065 llaereticos
622 1038 692 1069 illos,
710 1043 828 1063 errorem
847 1041 923 1061 suum

137 1087 306 1116 occultando.
325 1086 447 1112 Nectario
465 1084 552 1110 l'ncnm
566 1084 661 1110 secisse
677 1082 834 1115 conjicimus
848 1088 879 1107 ex
892 1087 924 1105 eo

138 1133 208 1167 quod
225 1132 369 1164 Gregorius
395 1131 495 1157 claram
519 1130 672 1162 dogmatum
691 1128 796 1154 illorum
817 1126 923 1159 exposi-

140 1181 238 1206 tionem
266 1178 385 1213 epistol-,e
406 1184 461 1203 suae
485 1175 655 1202 inserendam
686 1173 847 1204 crediderit,-
882 1170 923 1197 cni

138 1225 300 1260 expositioni
322 1224 372 1250 ista
391 1223 526 1256 subjunxit
543 1229 548 1246 :
566 1230 575 1245 ‹
598 1221 624 1246 Si
639 1220 701 1249 illis,
727 1223 792 1245 utet
808 1219 849 1251 pie
867 1224 924 1243 sen-

141 1272 267 1298 tientibus
278 1270 427 1304 (nimirum,
442 1272 532 1301 utpote
549 1267 592 1300 qni
611 1265 652 1299 pie
666 1264 804 1298 sentiant),
822 1271 851 1289 ea
866 1270 924 1296 quae

140 1317 259 1343 sentiunt
280 1316 377 1341 docere
398 1313 533 1344 libereque
554 1310 724 1344 promulgare
748 1307 922 1342 permittitur,

139 1362 201 1396 quis
213 1368 265 1388 non
279 1360 350 1386 xidet
364 1358 490 1385 Ecclesiae
505 1357 654 1383 doctrinam
670 1355 853 1383 condemnari,
869 1361 926 1386 per-

141 1408 203 1434 inde
220 1414 251 1433 ac
264 1406 375 1431 veritate
393 1404 427 1430 ah
443 1403 546 1430 illorum
570 1401 690 1435 partibus
708 1399 810 1427 stante?
833 1398 925 1432 Neque

141 1455 212 1481 enim
230 1459 319 1479 rerum
340 1455 434 1476 natura
456 1449 505 1475 sert
531 1447 599 1474 duas
614 1447 647 1473 de
663 1447 756 1472 eadem
772 1453 800 1472 re
816 1450 924 1471 contra-

141 1500 196 1526 rias
213 1497 350 1525 doctrinas
361 1503 438 1522 veras
451 1502 519 1521 esse.
541 1504 549 1518 t>
564 1493 620 1519 Non
640 1501 671 1519 ex
687 1499 719 1518 eo
738 1495 841 1517 tantum
856 1490 924 1523 quod
940 1484 961 1513 C

141 1546 299 1573 tolerentur,
314 1544 359 1569 sed
376 1549 407 1568 ex
426 1549 456 1567 eo
468 1541 537 1574 quod
555 1540 597 1573 pie
609 1538 758 1565 sentientes
771 1536 924 1570 judicentur

142 1590 351 1626 Apollinaristat»,
365 1587 499 1614 concludit
516 1585 661 1619 Gregorius
684 1583 809 1609 Ecclesiae
827 1581 925 1608 doctri-

143 1646 205 1664 nam
232 1633 415 1663 condemnari.
445 1633 499 1664 Qua
518 1631 624 1664 quidem
657 1629 844 1655 observatione
867 1626 925 1653 salsi

142 1682 320 1712 convincitur,
339 1680 409 1714 qnod
426 1678 602 1703 Barbeiracus
618 1676 643 1701 in
665 1676 716 1701 hoc
733 1674 818 1700 sancti
836 1673 927 1698 docto-

143 1731 180 1756 ris
193 1727 362 1755 ratiocinium
377 1723 495 1758 protulit.

178 1775 252 1801 Alias
276 1773 309 1798 ad
329 1770 481 1797 Nectarium
498 1768 600 1793 litteras
623 1765 695 1792 dedit
713 1765 857 1798 Gregorius
880 1770 927 1796 pro

143 1820 271 1854 Bosporio
287 1818 412 1851 episcopo
424 1812 588 1844 Coloniensi,
601 1812 632 1837 de
649 1811 785 1837 erroribus
805 1810 876 1836 circa
898 1809 927 1833 li-

144 1869 215 1899 dem,
227 1874 258 1892 ac
268 1864 299 1890 dc
313 1861 433 1889 infractis
444 1861 591 1887 canonibus
602 1857 762 1884 insimulato.
777 1855 927 1882 Verendum

144 1918 213 1943 erat,
229 1919 260 1937 ne
276 1907 425 1943 hujusmodi
440 1914 519 1932 causa
532 1906 557 1931 in
575 1903 679 1938 publico
694 1901 818 1936 praetorio
834 1907 927 1934 agere-

145 1961 207 1985 tur;
222 1954 290 1987 quod
303 1960 335 1979 ne
349 1953 432 1981 lieret,
447 1950 543 1976 obnixe
561 1948 664 1981 rogavit
680 1946 825 1979 Gregorius
845 1954 851 1970 ι
873 1954 880 1969 ι
897 1944 929 1969 11-

145 2002 189 2027 lud
207 2005 306 2028 autem,
326 1997 412 2030 inquit
426 1996 475 2029 (ιι),
497 1994 607 2020 minime
627 1992 766 2018 setcmlum
785 1996 836 2017 tua:
854 1998 929 2017 reve-

146 2046 238 2074 renna:
270 2045 403 2073 videatur,
434 2040 503 2074 quod
529 2044 618 2065 nostra
653 2037 764 2071 publicis
797 2037 929 2070 prartoriis

148 2093 334 2119 traducantur.
351 2088 415 2113 Nam
433 2084 538 2112 tametsi
557 2089 618 2109 sunt
637 2082 795 2111 Christiani,
816 2086 843 2106 ut
857 2086 930 2107 certe

147 2138 192 2164 Dei
209 2135 373 2168 benignitate
387 2136 458 2162 sunt,
475 2129 608 2164 ejusmodi
628 2126 927 2159 negotiorumjudices:

146 2183 210 2218 quid
227 2186 367 2207 commune
392 2177 478 2212 gladio
503 2181 530 2202 et
555 2174 678 2207 spiritui?
703 2172 777 2204 Quod
806 2173 827 2198 si
850 2173 930 2197 etiam

146 2226 370 2255 concesserimus.
387 2221 519 2255 quomodo
533 2225 579 2246 aut
591 2220 697 2245 ubinam
711 2219 823 2251 justum,
840 2218 932 2250 dispu—

148 2260 275 2301 tationem
292 2273 324 2297 de
341 2270 391 2296 side.
402 2276 460 2295 cum
478 2267 536 2293 aliis
548 2264 737 2292 controversiis
751 2263 904 2297 implicari?
920 2272 929 2288 ι

146 2330 274 2358 ctxxtt.
301 2326 448 2353 scribendis
475 2323 588 2358 epistolis
611 2327 634 2348 et
651 2321 791 2347 condendis
816 2319 931 2346 versibus

463 2363 614 2391 acettpalttr.

151 2420 154 2423 ’
184 2412 230 2438 Sic
247 2409 402 2443 Gregorius,
426 2410 484 2439 post
503 2404 653 2430 abdicatam
672 2401 799 2427 Ecclesia„=
818 2400 933 2426 Nazian-

149 2467 222 2488 zenae
235 2464 337 2488 curam,
362 2454 397 2480 nil
416 2453 505 2479 minus
523 2451 627 2477 decoris
642 2450 737 2475 «ionius
755 2449 798 2474 Dei
818 2448 934 2480 flagrans

149 2505 292 2537 desiderio,
309 2500 448 2529 catholicis
467 2497 626 2524 utilitatibus
652 2500 721 2522 totns
742 2494 911 2520 incumbebat
927 2500 933 2522 ;

148 2561 198 2580 nec
220 2552 334 2577 inertem
362 2548 388 2573 in
412 2544 555 2572 solitudine
580 2542 661 2567 vitam
686 2540 755 2566 illius
774 2540 856 2565 l'uisse
869 2539 934 2564 satis

148 2602 282 2626 testantur
302 2599 341 2621 tot
356 2591 488 2620 carmina,
506 2594 619 2622 quorum
636 2593 699 2620 pars
714 2585 830 2611 maxima
847 2585 880 2609 ab
903 2590 934 2609 eo

149 2650 212 2671 tnnc
228 2642 332 2669 condita
352 2643 430 2669 sunt;
452 2640 491 2663 tot
507 2632 637 2669 epistolae,
661 2631 757 2666 quibus
776 2630 935 2656 innocendae

151 2691 278 2716 adversus
294 2690 468 2720 oppressores
490 2679 669 2714 patrocinium
688 2676 818 2709 suscipit3
837 2675 933 2709 quibus

186 2789 222 2813 tu>
246 2785 291 2812 Eu.
312 2784 346 2809 υἵ.
362 2782 420 2807 227.

975 180 1002 200 ut
1019 174 1172 205 defendant,
1194 174 1325 200 hortatur.
1343 173 1407 205 Qum
1425 173 1530 207 quidem
1548 181 1642 200 omnes
1657 175 1756 208 episto—

974 220 1004 246 lae
1019 225 1176 253 argumento
1192 224 1264 251 sunt,
1292 223 1421 253 quantum
1448 219 1473 244 in
1497 226 1529 245 eo
1550 219 1609 245 lidei
1639 219 1755 246 studium

974 264 1064 296 luerit,
1080 269 1177 298 quanta
1193 264 1345 290 sollicitudo
1361 264 1431 289 circa
1451 271 1494 289 res
1518 263 1655 296 Ecclesiae,
1672 272 1757 298 quan-

974 316 1016 337 tus
1033 318 1108 336 amor
1123 310 1251 344 proximi,
1267 315 1395 343 qnantum
1411 309 1483 342 paris
1501 310 1628 341 studium,
1642 314 1694 336 etc.

1009 356 1129 390 Longum
1143 360 1213 382 esset
1228 355 1284 380 hare
1300 362 1346 388 per
1358 354 1460 387 singula
1485 362 1631 385 enarrare;
1655 354 1700 379 sed
1721 354 1758 380 si-

974 401 1054 428 lentio
1081 400 1284 434 praetermittere
1309 399 1383 425 nefas
1413 399 1482 432 quod
1511 405 1619 425 sanetus
1641 399 1755 432 pontifex

973 447 1036 480 egit,
1053 446 1130 473 saluti
1144 446 1292 471 animarum
1305 452 1411 479 semper
1426 445 1553 475 iiitentus,
1567 450 1594 469 ut
1606 443 1757 470 Nemesinm

974 494 1006 519 ad
1021 492 1157 519 Christum
1173 491 1300 518 alliceret.
1315 490 1361 516 Vir
1377 495 1434 516 erat
1449 489 1519 516 omni
1535 489 1637 515 liberali
1651 489 1754 515 doctri-

975 547 1006 565 na
1025 538 1208 572 politissimus,
1225 544 1336 564 summa}
1355 536 1527 569 eloquentiae,
1543 540 1570 561 et
1592 535 1618 561 in
1643 535 1700 561 foro
1719 542 1760 561 ce-

975 584 1108 610 leberrimi
1131 583 1255 608 nominis.
1277 582 1335 608 Mox
1364 582 1476 608 illustris
1503 582 1598 612 factus,
1621 581 1761 614 Cappado-

974 631 1021 656 cizc
1038 630 1225 662 praeiet-turam
1241 628 1354 662 primum
1368 628 1493 660 obtinuit,
1505 632 1532 654 et
1551 628 1652 661 integra
1668 632 1758 652 mente

975 681 1123 708 magnaque
1144 673 1292 699 reverentia
1323 681 1365 699 res
1382 672 1524 706 provinciae
1543 671 1759 702 administravit;

975 721 1021 747 scd
1035 719 1216 754 quamtumvis
1232 724 1257 744 et
1276 719 1395 745 eruditus
1411 724 1435 744 ct
1450 719 1579 752 prudens,
1600 718 1687 744 adhuc
1701 717 1759 743 ido-

975 766 1060 793 lorum
1076 764 1158 792 cultni
1180 765 1301 790 addictus
1326 769 1394 790 erat.
1419 763 1531 795 interea,
1554 764 1594 789 vir
1608 763 1759 789 litterarum

632 819 640 835 ι
662 810 736 841 Quod
761 815 862 840 autem,
882 809 922 834 in·
941 807 960 834 Β
975 817 1078 841 ainans,
1098 811 1233 836 doctorem
1253 809 1397 834 maximum
1416 807 1543 841 singulari
1569 807 1670 833 honore
1696 815 1759 840 pro-

974 854 1049 888 sequi
1076 862 1127 880 non
1150 853 1264 884 destitit,
1289 852 1392 886 ipsique
1408 851 1558 878 necessaria
1581 851 1700 878 levandae
1716 857 1761 877 se-

975 901 1075 927 nectuti
1101 906 1127 926 ct
1155 900 1303 926 inlirmitati
1326 898 1451 932 juvanda:
1477 898 1594 924 subsidia
1629 905 1760 932 generose

975 947 1164 981 suppeditavit.
1181 946 1337 980 Gregorius,
1354 950 1381 971 ut
1398 945 1552 978 episcopum
1572 944 1692 976 decebat,
1708 952 1760 970 non

975 993 1066 1018 lau-‘les
1084 992 1281 1025 amplificando,
1308 990 1354 1017 sed
1372 990 1472 1016 monita
1495 989 1587 1016 salutis
1609 989 1760 1019 tribuendo,

976 1038 1164 1064 beneficiorum
1189 1044 1333 1062 memorem
1358 1044 1386 1063 se
1404 1037 1482 1069 digne
1501 1035 1694 1069 comprobarit.
1721 1034 1759 1060 ln-

976 1084 1053 1116 genio
1067 1083 1182 1109 hominis
1206 1082 1346 1115 exquisitae
1364 1081 1520 1108 litteraturze
1541 1082 1691 1114 obsequens
1712 1080 1763 1113 ipsi

975 1128 1109 1163 egregium
1125 1135 1217 1161 poema
1231 1127 1372 1159 dedicavit,
1385 1134 1438 1160 quo
1450 1127 1475 1153 ei
1490 1125 1696 1152 simulacrorum
1716 1132 1762 1150 va-

976 1175 1087 1200 nitatem
1118 1177 1144 1199 et
1176 1172 1344 1198 mendacium
1370 1171 1555 1206 exprobraret,
1581 1175 1607 1196 et
1633 1171 1665 1196 ad
1684 1170 1762 1196 unius

976 1217 1021 1244 Dei
1039 1218 1139 1243 cultum
1154 1216 1293 1249 praesidem
1311 1220 1348 1241 tot
1366 1215 1502 1250 praeclaris
1519 1215 1626 1241 dotibus
1638 1219 1761 1240 ornatum

977 1264 1137 1290 traduceret.
1153 1262 1292 1288 Nemesius
1313 1262 1376 1287 tanti
1401 1261 1519 1295 magistri
1539 1266 1670 1296 praecepta
1686 1268 1764 1295 aequo

977 1310 1066 1335 animo
1095 1309 1210 1342 excepit,
1240 1308 1272 1333 ad
1296 1312 1416 1334 sanctum
1436 1308 1572 1333 doctorem
1593 1314 1621 1333 se
1638 1307 1762 1340 contulit,

976 1363 1035 1381 cum
1062 1362 1094 1380 eo
1114 1354 1145 1380 de
1165 1353 1292 1387 religione
1308 1352 1450 1384 ‹lisseruit3
1475 1353 1593 1386 satisque
1619 1341 1764 1379 verisimile

975 1406 1028 1433 esi·,
1047 1400 1179 1434 pontilicis
1195 1399 1363 1426 sermonibus
1376 1398 1499 1424 edoctum
1513 1403 1539 1424 et
1555 1398 1697 1425 sanctitate
1708 1406 1764 1431 per-

977 1447 1092 1477 culsum,
1108 1446 1177 1472 idola
1191 1445 1322 1478 ejurasse,
1341 1445 1480 1478 ipsmnque
1492 1444 1679 1478 philosophum
1693 1445 1763 1470 hunc

978 1500 1036 1519 csse
1062 1491 1254 1521 Christianum,
1279 1490 1393 1516 Nemesii
1419 1490 1536 1522 nomine,
1556 1490 1599 1523 qui
1620 1489 1657 1515 De
1673 1490 1764 1516 anima

977 1544 1043 1571 opus
1059 1537 1151 1565 edidit.
1164 1535 1233 1569 quod
1249 1535 1318 1561 inter
1336 1542 1417 1568 opera
1433 1534 1554 1568 Gregorii
1570 1533 1681 1568 Nysseni
1702 1534 1763 1559 vul-

977 1588 1067 1616 gatum
1079 1586 1129 1608 est.

1012 1628 1121 1654 Talibus
1140 1628 1253 1661 negotiis
1267 1627 1291 1652 in
1307 1626 1451 1653 solitudine
1470 1626 1600 1653 distentus
1617 1630 1676 1652 erat
1697 1624 1764 1652 Gre-

978 1674 1068 1708 gorius
1093 1678 1120 1700 et
1142 1673 1288 1699 condendis
1315 1672 1500 1703 carminibus,
1532 1679 1590 1706 quae
1622 1671 1688 1698 nihil
1711 1671 1763 1697 nisi

978 1720 1115 1745 Christum
1128 1719 1308 1753 pietatemque
1321 1718 1434 1751 spirant,
1447 1718 1633 1751 tutissimaque
1641 1718 1765 1751 dogmata

979 1771 1005 1792 ct
1017 1773 1121 1791 morum
1135 1769 1267 1798 praecepta
1281 1764 1505 1797 complectuntur.
1519 1763 1564 1789 Pia
1580 1763 1677 1796 ubique
1690 1770 1766 1795 argu-

980 1817 1080 1842 menta,
1107 1811 1149 1837 vel
1168 1811 1263 1836 animae
1281 1815 1307 1836 et
1322 1810 1443 1843 corporis
1459 1809 1595 1843 purgatio,
1617 1809 1657 1835 vel
1688 1809 1766 1835 theo·

980 1858 1059 1891 logia.
1075 1857 1115 1883 vel
1130 1856 1298 1890 precationes
1322 1857 1354 1882 ad
1379 1855 1573 1889 implorandam
1595 1862 1672 1887 opem
1696 1854 1764 1880 divi-

981 1912 1042 1930 nam
1073 1903 1202 1929 adversus
1230 1910 1339 1928 earnem
1365 1906 1391 1928 et
1420 1901 1517 1927 malum
1549 1900 1697 1926 daemonem
1732 1900 1765 1926 ad

981 1949 1070 1974 scelus
1086 1948 1276 1974 sollicitantem
1290 1956 1297 1979 ·‚
1312 1946 1352 1973 vel
1368 1946 1485 1979 gemitus
1504 1946 1551 1971 viri
1569 1945 1615 1979 pii,
1633 1952 1766 1971 :erumnas

981 2001 1043 2020 suas
1060 1993 1174 2027 lugentis
1197 1992 1388 2024 Christumque
1416 1991 1528 2021 orantis,
1556 1994 1583 2015 ut
1607 1990 1668 2015 vitae
1687 1989 1766 2014 linem

981 2038 1083 2064 afferat.
1109 2037 1225 2064 Cantarc
1246 2045 1296 2062 non
1326 2037 1443 2062 cessavit
1474 2041 1548 2062 rates
1573 2035 1711 2068 piissimus
1733 2034 1766 2060 ad

981 2090 1130 2110 extremum
1155 2090 1238 2116 nsque
1265 2082 1325 2107 vita}
1358 2081 1495 2115 spiritum,
1526 2081 1612 2107 morbi
1643 2087 1766 2113 quaerens

984 2130 1096 2160 solatia;
1129 2136 1182 2161 qno
1208 2128 1316 2161 quidem
1346 2128 1371 2153 in
1399 2128 1457 2153 dies
1492 2127 1713 2160 ingravescente,
1740 2130 1767 2152 et

986 2175 1217 2209 appropinquante
1245 2179 1350 2204 morte,
1374 2173 1465 2198 ludere
1491 2171 1622 2202 versibus,
1652 2176 1679 2196 et
1706 2178 1766 2197 car-

986 2221 1056 2246 mina
1073 2226 1132 2252 quae
1150 2225 1249 2252 cycnea
1267 2223 1373 2249 vocant,
1390 2224 1548 2250 componere
1562 2215 1697 2249 pergebat.

1160 2263 1295 2290 ehxxttt.
1315 2262 1426 2288 Moritur
1441 2261 1591 2295 Greqorius.

1021 2310 1147 2343 Quamvis
1160 2315 1248 2335 autem
1269 2316 1389 2343 asperam
1407 2314 1524 2341 semper,
1541 2307 1666 2340 victuque
1680 2306 1767 2332 horri-

986 2357 1045 2382 dam
1071 2356 1191 2381 duxisset
1216 2355 1311 2384 vitam,
1338 2353 1449 2380 saeviens
1476 2352 1502 2378 in
1528 2359 1634 2384 corpus,
1659 2358 1767 2376 carnem

987 2401 1085 2435 vigiliis
1100 2421 1107 2432 ,
1143 2400 1254 2434 J·=jnniis
1287 2400 1401 2432 ahisque
1435 2397 1598 2431 poenitcntiae
1633 2396 1768 2422 laboribus

988 2448 1129 2477 afflictans,
1154 2451 1280 2471 extremae
1297 2445 1357 2470 vita:
1377 2448 1513 2469 certamen
1540 2443 1681 2468 innninere
1705 2448 1766 2466 sen-

989 2494 1073 2522 tiens,
1112 2491 1221 2524 jamjam
1256 2495 1404 2515 «tartarum
1434 2489 1547 2521 caligine
1584 2488 1765 2514 horrendum»

989 2538 1080 2563 videre
1095 2537 1145 2563 sibi
1163 2536 1312 2565 videbatur,
1334 2540 1359 2560 ct
1385 2544 1392 2558 a
1409 2535 1475 2567 ignis
1497 2534 1643 2564 llammam,
1668 2533 1768 2558 altissi-

989 2590 1114 2616 mamque
1128 2586 1244 2608 noctem.
1263 2590 1272 2605 ι
1300 2581 1367 2607 'l'um
1387 2579 1496 2613 supplex
1518 2580 1549 2604 ad
1566 2579 1652 2604 sidera
1668 2578 1768 2611 palmas

990 2629 1128 2660 tendebat,
1147 2626 1294 2653 inclamans
1310 2626 1451 2652 beatorum
1466 2625 1556 2651 choris
1577 2629 1604 2650 ut
1626 2630 1702 2657 opem
1717 2622 1767 2648 sibi

989 2674 1100 2706 ferrent,
1116 2679 1222 2707 totoque
1236 2672 1314 2699 corde
1336 2672 1367 2699 ad
1385 2671 1465 2698 Deum
1484 2671 1617 2705 aspirans,
1633 2669 1767 2697 Christum
