1838 3046
175 62 225 89 103
661 60 845 86 PRAEFATtO
865 59 1071 86 GENERALts.
1090 75 1124 79 —
1143 60 1232 87 PARS
1253 61 1296 87 nt.
1754 67 1802 91 1οἰ

173 127 236 157 ope
255 120 399 150 intricata
425 119 617 154 enodantur,
635 119 726 157 cujus
748 119 869 149 lumine
900 119 1034 148 obseura
1051 118 1280 155 dilucidantur,
1297 123 1326 150 et
1344 120 1463 150 umbroe
1492 121 1611 159 quibus
1635 123 1798 154 veritatem

175 178 264 198 error
290 170 440 207 obtegere
457 169 632 206 nitebatur,
655 173 864 200 evanescunt.
882 170 990 207 Ipsum
1009 168 1119 198 audIre
1138 169 1241 207 juvat.
1260 180 1273 197 «
1296 171 1338 208 (a)
1366 170 1464 200 Multa
1481 171 1574 200 etiam
1600 171 1660 201 alia
1688 181 1801 210 conge-

174 228 242 249 rere
264 229 402 257 queas...
419 219 610 259 Quanquam
631 226 738 251 autem
761 219 1019 257 unumquodque
1044 219 1158 248 borum
1183 219 1345 257 sigillatim
1378 219 1538 258 persequi,
1557 220 1675 259 pioque
1704 217 1820 268 sensui

175 270 335 308 explicare
365 270 497 300 minime
518 271 648 301 dillicile
666 274 725 306 est,
748 274 842 309 atque
858 268 1087 299 oll'endiculum
1113 269 1204 305 illud,
1222 270 1306 308 quod
1328 270 1358 299 in
1376 271 1503 300 Litteris
1529 272 1667 307 exsistit,
1685 281 1801 310 repur-

172 326 246 355 gare
270 322 299 347 et
319 319 476 355 eximere,
493 320 518 349 si
544 320 638 349 inodo
656 330 728 350 vere
742 319 892 354 offendis,
908 327 1017 349 aenon
1037 319 1144 356 potius
1164 320 1203 350 de
1231 320 1386 350 industria
1406 330 1535 359 peceas;
1563 325 1596 351 ut
1615 327 1717 352 tamen
1736 333 1801 355 rem

173 369 360 398 summatim
378 369 575 403 contraham.
596 369 654 398 boc
673 369 729 398 tibi
747 369 929 399 iaciendum
949 372 1008 404 est,
1021 373 1054 398 ut
1073 369 1280 399 sublimiores
1299 379 1392 401 voces
1409 372 1583 407 divinitati,
1600 381 1635 402 ac
1652 378 1803 411 praestan-

175 419 247 449 tiori
267 419 314 449 illi
335 424 364 448 et
382 419 579 457 incorporem
607 422 737 452 naturae,
758 416 1031 455 passionibusque
1060 419 1220 457 superiori
1250 421 1405 451 attribuas
1429 431 1436 450 z
1469 422 1656 452 humiliores
1684 428 1801 460 autem,

172 471 365 508 composito,
387 474 417 499 et
439 474 488 499 tua
507 477 602 499 causa
621 468 755 503 inanitO,
776 472 873 506 atque
896 467 1100 498 incarnatO...
1129 473 1163 499 ut
1181 473 1214 500 tu
1234 470 1383 501 videlicet
1411 471 1573 510 intelligas
1590 482 1660 511 quae
1688 475 1803 512 prioris

173 521 261 550 illius
284 525 404 550 naturae
421 520 462 549 sit
480 520 573 552 ratio,
593 522 622 548 et
638 526 709 556 qum
734 520 907 555 assumptae
939 516 1192 549 humanitatis.»

212 572 306 602 Atne
324 580 463 601 errorem
484 570 590 599 :ninus
610 567 849 597 intolerandum
878 571 931 596 aut
951 573 1113 605 peecatum
1151 578 1213 600 non
1250 574 1309 600 tam
1346 572 1484 603 immane
1515 582 1658 609 oensem,
1690 584 1804 613 negare

174 624 255 654 Filio
276 622 489 655 divinitatem,
520 628 557 649 ex
576 617 720 655 Gregorii
742 625 840 646 sensu
869 617 999 647 offensae
1021 620 1169 650 atrocitas
1201 625 1247 650 est
1270 623 1450 653 statuenda.
1474 635 1487 650 «
1505 624 1545 661 (b)
1574 625 1686 655 Deitati
1713 626 1803 656 fidem

174 675 330 711 abrogas?
356 673 415 702 boo
433 680 471 701 ne
490 670 653 699 diei‘nones
689 667 820 706 quidem
850 667 909 705 ipsi
941 668 1096 700 fecerunt.
1114 671 1140 700 O
1165 671 1364 702 dmmonibus
1392 674 1600 711 ineredulior‚
1631 680 1660 705 et
1686 677 1804 706 Judaeis

173 723 399 762 insipientior-l
425 721 481 750 Isti
503 719 588 750 enim
610 718 682 747 Filii
717 726 835 747 nomen
868 718 1061 755 aequalitatis
1086 728 1194 750 vocem
1225 729 1295 751 esse
1322 723 1517 753 censebant:
1538 724 1567 753 lii
1586 730 1689 754 autem
1720 735 1804 761 euni,

174 784 189 804 a
206 784 270 813 quo
291 773 497 812 fugabantur,
517 772 617 800 Deum
643 770 769 798 norant.

833 818 872 846 De
890 818 1015 856 Spiritu
1040 823 1157 848 sancto.

212 877 276 906 Nec
295 882 409 905 minori
437 872 549 903 ardore
581 879 615 900 ac
643 868 711 899 zelo
740 868 880 906 Spiritus
908 869 1009 898 sancti
1033 869 1232 901 divinitatem
1258 872 1371 902 astruit
1404 878 1511 904 contra
1543 875 1804 905 Macedonianos.

174 929 326 958 Sniritum
347 930 491 956 sanctum
514 925 613 953 Deum
633 925 740 960 aperte
759 921 939 956 confitetur,
958 930 1023 959 quo
1043 926 1183 961 tempore
1203 925 1298 956 etiam
1325 925 1408 955 inter
1432 926 1610 957 Calliolicos
1633 936 1695 957 non
1716 930 1804 966 panii

174 984 275 1014 erant,
293 979 347 1017 qui
368 987 421 1015 qul
415 976 514 1006 t'nntis
540 974 712 1011 Spirituss
699 973 799 1002 sancti
819 972 1021 1003 divinitatem
1037 982 1071 1003 a
1057 980 1259 1011 gnosetienl,
1272 985 1343 1006 eum
1367 980 1469 1007 [anien
1485 978 1585 1008 Deum
1612 983 1718 1017 aperte
1743 988 1805 1008 non

174 1031 332 1065 dioclem,
360 1038 417 1058 nec
445 1027 504 1057 diei
540 1026 702 1055 volebant.
719 1026 796 1054 'lam
821 1029 927 1062 aperta
949 1027 1064 1063 pr‘tdn
1068 1027 1175 1057 itione
1195 1036 1257 1057 non
1280 1033 1401 1060 tantum
1419 1030 1610 1060 Arianorum
1641 1035 1671 1060 et
1701 1032 1807 1061 Maee-

174 1080 409 1112 donianornin,
438 1077 492 1107 sed
521 1076 615 1106 etiam
648 1074 879 1104 nonnullorum
907 1074 1144 1105 Catliolieorun]
1169 1077 1323 1107 otlensam
1353 1078 1506 1114 incurrit,
1534 1080 1612 1109 adeo
1643 1085 1676 1109 nt
1707 1080 1807 1117 ipsius

173 1132 373 1164 adversarios
396 1130 432 1161 ad
455 1138 528 1159 eum
556 1138 571 1158 e
594 1127 670 1158 sede
699 1126 1055 1165 Constantinopolitana
1086 1128 1334 1166 deturbandum,
1363 1130 1422 1160 boc
1447 1131 1542 1161 etiam
1571 1132 1716 1162 nonnibil
1742 1143 1808 1164 nio-

173 1185 255 1215 verit
284 1188 314 1214 ct
339 1182 497 1220 adjuverit
530 1180 581 1219 (c).
609 1181 788 1210 «Fortasse
819 1179 956 1218 Spiritus
989 1180 1175 1219 impetitur:
1194 1186 1297 1217 »Ἴσως
1312 1186 1342 1212 τὸ
1360 1186 1472 1221 Πνεῦμα
1490 1186 1632 1221 βάλλεται·
1654 1184 1711 1212 boc
1740 1190 1806 1219 est,

174 1235 282 1275 inquit
315 1234 444 1269 Billius,
468 1233 602 1261 sortasse
630 1231 687 1261 liae
725 1231 763 1260 de
796 1239 889 1260 causa
919 1238 1086 1269 oppugnet·
1114 1235 1143 1262 et
1169 1232 1323 1270 exagitor,
1346 1233 1419 1271 quia
1449 1233 1584 1271 Spiritus
1612 1234 1730 1269 sancti,
1755 1235 1804 1264 eni

174 1287 293 1317 bellum
316 1286 368 1315 isti
396 1285 596 1319 indixerunt,
615 1282 815 1312 divinitatem
848 1291 957 1312 assero
975 1286 1004 1312 et
1032 1283 1178 1320 praedico.
1197 1284 1301 1322 Pergit
1320 1284 1517 1322 Gregorius:
1537 1290 1572 1315 Τὸ
1589 1291 1699 1326 Πνεῦμα
1716 1291 1807 1324 (ἀκού-

174 1343 244 1378 σαο’)
261 1343 297 1375 ὡς
314 1342 389 1373 Θεὸς,
407 1341 486 1367 πάλιν
503 1340 589 1374 λέγω·
612 1340 673 1374 ἐμοὶ
690 1339 761 1370 Θεὸς
775 1338 823 1364 ee'·
844 1340 890 1365 καὶ
908 1339 997 1374 τρίτον
1016 1338 1078 1373 βοῶ,
1111 1339 1188 1370 Θεός·
1208 1347 1219 1363 x
1236 1336 1372 1374 Spiritus
1389 1341 1422 1366 ut
1441 1337 1537 1374 Deus,
1555 1339 1672 1373 audite,
1692 1338 1804 1367 iteruin

174 1392 301 1421 dicam:
321 1394 352 1420 tu
372 1390 447 1419 milii
468 1390 565 1423 Deus,
585 1392 615 1418 et
635 1387 726 1417 tertio
744 1386 900 1421 elan·1ab0‚
920 1387 1005 1417 Deus
1028 1390 1087 1422 est,
1103 1399 1116 1414 »
1134 1391 1192 1417 etc.
1215 1387 1307 1423 Quod
1333 1387 1364 1417 in
1392 1387 1593 1418 defendenda
1623 1388 1695 1418 Filii
1727 1389 1805 1417 divi-

175 1445 274 1474 nitate
298 1444 493 1473 Athanasius
516 1440 673 1478 praestitit‚
692 1440 721 1470 id
749 1439 924 1478 Gregorius
948 1440 980 1468 in
1001 1437 1200 1468 defendenda
1220 1439 1357 1476 Spiritus
1382 1440 1482 1470 sancti
1509 1439 1686 1469 divinitate.
1712 1439 1740 1469 Si
1764 1443 1806 1469 lot

176 1499 205 1525 et
226 1498 325 1524 tantas
345 1502 408 1523 non
435 1497 482 1522 est
507 1495 657 1529 expertus
686 1490 939 1528 persecutiones,
966 1492 1043 1527 quot
1062 1492 1091 1518 et
1109 1494 1245 1528 quantas
1265 1498 1435 1527 perpessus
1453 1494 1499 1519 est
1517 1489 1722 1524 Athanasius,
1742 1498 1805 1519 non

175 1544 238 1575 nisi
256 1544 286 1573 id
307 1542 432 1578 accidit,
450 1542 523 1581 quia
542 1539 666 1570 occasio
685 1539 800 1573 defuit,
822 1546 885 1567 non
904 1542 1010 1567 autem
1032 1538 1159 1567 animus
1178 1542 1208 1568 et
1235 1538 1392 1568 voluntas.
1421 1539 1474 1568 Est
1503 1544 1604 1568 tamen
1627 1539 1747 1578 aliquid
1775 1549 1805 1569 ιιι

175 1596 245 1633 eJus
277 1594 416 1632 scriptis,
442 1592 527 1631 quod
554 1590 757 1620 mirationem
790 1589 875 1618 facit.
902 1589 981 1624 Sibi,
1008 1588 1138 1617 nomine.
1167 1588 1402 1624 hrereticornm,
1431 1588 1552 1626 objicit,
1571 1589 1613 1627 (cl)
1642 1589 1805 1626 «Spiritus

175 1647 277 1675 sancti
299 1645 498 1675 divinitatem
520 1643 608 1673 nullo
630 1642 801 1679 Scriptura}
823 1641 893 1671 loco
914 1640 1069 1678 proditam
1094 1640 1201 1670 haberi
1216 1651 1223 1674 ς
1239 1652 1252 1667 »
1278 1641 1361 1679 qnod
1387 1641 1516 1679 quidem
1544 1641 1658 1671 ret'ellit
1686 1641 1804 1680 duplici

176 1698 318 1733 ratione;
338 1698 437 1736 primo
461 1696 620 1726 allirmans
639 1694 674 1734 (e)
694 1706 706 1721 «
722 1694 890 1731 Seripturoe
920 1692 1104 1722 testimonio
1129 1693 1301 1722 admodum
1329 1693 1544 1722 contirnialam
1574 1702 1643 1722 esse
1669 1693 1806 1730 Spiritus

175 1747 387 1782 divinitatem,
408 1746 445 1775 iis
471 1745 600 1784 quiden]
628 1747 724 1779 certe,
752 1742 805 1781 qui
833 1750 895 1771 non
919 1741 1014 1771 nimis
1043 1741 1150 1771 stolidi
1176 1746 1205 1772 et
1236 1743 1341 1772 obtusi
1367 1742 1503 1777 suerint,
1530 1747 1625 1781 atque
1644 1751 1659 1772 a
1686 1743 1803 1780 Spiritu

175 1797 320 1827 aversi.»
341 1795 460 1825 Deinde
486 1795 554 1832 ipse
576 1795 747 1822 innumera
765 1791 937 1830 Scriptura]
958 1790 1076 1829 profert
1103 1792 1296 1827 testimonia,
1322 1793 1439 1831 quibus
1463 1793 1643 1822 ostenditur
1670 1793 1806 1831 Spiritus

176 1847 275 1877 sancti
306 1845 506 1875 divinitatem
539 1844 568 1872 in
607 1841 780 1879 Scripturis
815 1841 972 1879 proditam
1009 1841 1116 1870 baberi
1142 1841 1191 1880 (f).
1221 1852 1234 1867 «
1264 1841 1401 1879 Spiritus
1428 1843 1482 1872 Dei
1512 1843 1639 1877 dicitur,
1669 1843 1805 1880 spiritns

175 1897 306 1932 Clirisli,
326 1904 416 1926 niens
444 1894 582 1929 Christi,
603 1894 743 1931 Spiritus
774 1892 916 1925 Domini.
934 1901 968 1922 ac
986 1893 1145 1921 Dominus
1166 1892 1248 1930 ipse,
1279 1893 1417 1931 Spiritus
1436 1893 1616 1932 adoptionis
1633 1915 1639 1922 .
1655 1915 1663 1922 .
1678 1916 1685 1923 .
1703 1893 1806 1924 scien-

176 1948 238 1982 tioe,
257 1947 382 1986 pietatis
399 1969 404 1975 .
421 1945 573 1976 ..omnia
590 1944 730 1974 essentia
752 1952 807 1972 sua
826 1943 978 1979 implens,
996 1943 1101 1973 omnia
1120 1943 1302 1978 continens,
1316 1954 1328 1970 »τ
1348 1947 1406 1973 ete.

215 1999 383 2032 Praeterea,
401 1996 460 2025 boc
476 1996 569 2025 etiam
587 1994 707 2033 posito,
725 1993 810 2031 quod
828 1993 965 2032 Spiritus
986 1993 1085 2023 sancti
1117 1992 1268 2022 divinitas
1293 1993 1383 2023 nnllo
1407 1994 1575 2032 Scripturae
1593 1994 1660 2023 loco
1684 1993 1804 2032 predita

177 2050 358 2082 haberetur,
376 2047 454 2076 illud
476 2046 706 2084 impedimento
724 2053 876 2074 essenon
902 2045 1032 2074 deberet
1056 2045 1230 2082 quominus
1246 2045 1398 2082 Spiritum
1426 2045 1527 2074 Deum
1546 2054 1615 2074 esse
1641 2046 1804 2075 conlitere-

178 2109 260 2134 mur,
286 2098 447 2136 siquidem
482 2096 541 2126 alia
564 2096 699 2134 plurima
725 2095 884 2125 eredimus
901 2103 971 2133 quae
996 2095 1026 2124 in
1052 2095 1223 2133 Scriptnris
1242 2104 1303 2124 non
1323 2099 1485 2133 apparent.
1504 2107 1517 2122 «
1536 2095 1709 2130 Undenam,
1723 2106 1737 2123 t
1757 2095 1805 2125 in-

177 2150 247 2189 quit
264 2149 316 2187 (9),
344 2148 512 2186 alloquens
529 2147 760 2181 adversarium,
780 2157 791 2171 ιι
810 2149 840 2174 tu
857 2154 946 2175 arces
962 2145 1032 2174 illas
1053 2149 1134 2180 tuas,
1155 2145 1337 2183 Ingenitun]
1362 2149 1415 2174 aut
1437 2145 1620 2174 Anat-elium
1643 2144 1804 2183 accepisti,

180 2206 233 2232 aut
250 2211 307 2231 nos
333 2201 427 2230 etiam
447 2199 636 2230 immortalis
654 2200 785 2228 vocem?
802 2198 869 2228 Hoc
894 2197 1079 2228 nominatim
1099 2200 1127 2227 et
1153 2206 1308 2235 expresse
1326 2198 1471 2233 ostende,
1492 2197 1537 2226 vel
1557 2207 1590 2227 ea
1612 2197 1805 2235 rejiciemus‚

177 2253 252 2290 quia
270 2252 301 2281 in
325 2251 486 2289 Scriptura
507 2258 569 2280 non
592 2252 730 2283 exstant,
753 2249 799 2279 vel
829 2257 1052 2287 expungemus
1067 2271 1074 2278 .
1089 2249 1271 2278 ...Nonne
1301 2249 1502 2287 perspicuum
1522 2251 1581 2284 est,
1611 2247 1675 2277 haec
1701 2248 1739 2277 de
1766 2247 1806 2276 iis

178 2307 303 2340 sumpta
321 2310 403 2336 esse,
422 2309 460 2330 ex
477 2300 595 2339 quibus
613 2299 821 2336 colliguntur,
841 2299 966 2328 tametsi
985 2298 1116 2328 mininie
1133 2298 1302 2328 dicantur?
1316 2310 1329 2325 n

218 2355 321 2392 Hujus
359 2352 580 2391 responsionis
613 2351 824 2381 dilucidanda>
853 2360 961 2386 causa,
989 2350 1165 2388 Gregorius
1204 2350 1472 2388 comparationem
1502 2348 1653 2378 institnit.
1686 2360 1698 2375 «ι
1718 2349 1804 2385 Dnoe,

179 2404 284 2443 inquit
308 2404 362 2442 (h),
378 2413 415 2433 ex
438 2403 523 2433 omni
542 2410 609 2432 fevo
628 2402 769 2431 illustres
794 2402 930 2430 vitarum
958 2400 1152 2430 mutationes
1170 2402 1373 2435 exstiterunt,
1400 2409 1471 2439 qum
1494 2401 1588 2430 etiam
1609 2400 1672 2430 duo
1700 2401 1808 2430 Testa-

181 2461 299 2491 menta,
320 2460 414 2494 atque
431 2455 470 2485 ob
491 2455 533 2484 rei
561 2454 789 2489 celebritatem,
809 2457 899 2483 terrm
919 2457 1024 2483 motus
1041 2453 1263 2491 appellantur-3
1292 2454 1389 2483 altera
1406 2462 1422 2482 a
1448 2453 1692 2482 simulacrorum
1718 2453 1804 2483 eultn

182 2509 218 2537 ad
239 2507 357 2545 legem,
383 2507 478 2537 altera
496 2516 510 2536 a
531 2507 601 2544 lege
620 2507 656 2536 ad
675 2506 898 2544 Evangelium.
918 2507 962 2535 Ac
982 2505 1110 2535 tertium
1144 2506 1238 2535 etiam
1271 2510 1359 2535 terrae
1388 2509 1509 2534 motum
1535 2505 1693 2543 Scriptura
1715 2505 1805 2535 nobis

180 2562 363 2596 annuntiat,
383 2569 496 2598 nempe
515 2558 736 2597 migrationem
757 2558 794 2589 ab
821 2558 878 2588 bac
901 2557 1016 2597 vita-ad
1043 2557 1173 2588 alteram
1203 2558 1287 2587 illam
1319 2560 1422 2589 metus
1441 2557 1546 2588 omnis
1572 2564 1602 2588 et
1624 2557 1806 2596 jactationis

219 2681 256 2714 (a)
275 2680 320 2707 Or.
339 2681 382 2712 ⁶20,
398 2689 424 2706 ιι.
442 2681 484 2706 18.
1023 2682 1025 2685 ⁴
1060 2677 1094 2709 (e)
1116 2676 1192 2707 llud,
1207 2684 1234 2702 n.
1251 2675 1294 2701 29.

221 2715 254 2749 (lt)
273 2716 319 2741 Or.
333 2716 376 2747 38,
391 2725 416 2741 ιι,
432 2716 473 2741 153.
1060 2712 1093 2744 (Ῐ)
1116 2711 1179 2736 thid.

219 2757 254 2783 ts)
274 2751 363 2776 (lariti.
386 2751 418 2775 ai.
442 2751 499 2781 1:23,
519 2759 542 2777 v.
564 2751 597 2777 55
1060 2748 1096 2779 (q)
1116 2745 1192 2775 ibid..
1212 2753 1237 2770 n.
1256 2746 1305 2770 233.

220 2784 322 2819 misor·
342 2785 428 2816 31‚11.
450 2786 493 2810 2¹.
555 2783 561 2785 ⁷
1055 2782 1092 2816 (Ιι)
1112 2780 1187 2812 lbid,
1208 2789 1232 2806 ιι.
1255 2781 1293 2806 ξὶῦ.
