1838 3046
133 119 179 145 ΠΙ

778 121 856 147 ῊΤΑ
874 121 901 148 S.
923 121 1098 148 valcomt.

1700 122 1751 147 172

133 182 183 207 sat,
200 177 282 202 nictus
298 182 347 207 est,
365 181 389 201 et
406 176 504 202 iuxitus
526 177 638 203 Athenis
663 178 801 204 remansit.
817 179 914 204 Verum
931 184 952 210 Λ
968 185 1072 205 eturmn
1085 186 1126 205 me
1142 186 1294 214 receperam
1308 184 1336 205 ut
1351 185 1436 206 tecum
1454 178 1514 204 vitae
1533 178 1750 205 consuetudinem

130 231 191 249 cum
205 222 248 248 diu
261 223 294 247 ab
305 223 402 249 animae
414 230 468 248 sua}
480 223 590 249 dimidio
605 223 725 258 separari
740 232 809 258 aegre
823 224 916 256 ferret,

130 274 155 293 et
182 273 311 302 praeterea
333 269 428 302 patria}
442 274 638 303 parentumque
658 269 794 296 desiderio
817 274 918 296 tencre-

133 319 185 345 tur,
202 314 279 348 paulo
296 321 354 348 post
367 314 458 341 furtim
472 323 499 342 sc
514 316 642 342 subduxit
658 321 684 342 et
700 316 732 342 ad
747 324 810 342 suos
826 323 917 342 rever-

131 369 178 388 sis
193 367 243 388 est.
268 370 276 386 ι
300 361 354 388 Nec
378 367 463 388 tmueu
483 362 508 388 in
530 362 636 396 longum
650 382 657 394 ‚
679 363 765 396 iuquit
779 362 835 397 (a),
851 362 916 388 milii

131 407 258 439 producta
281 413 321 434 est
345 408 400 434 lure
429 409 614 437 calamitas....
632 409 685 435 Sed
708 416 760 435 non
784 409 819 434 ita
835 408 916 435 multo

131 459 251 487 tempore
273 454 388 480 Athenis
418 459 509 487 postea
542 459 743 486 commoratus,
766 454 839 481 velut
863 462 917 489 prae

130 500 211 525 auuni
236 500 370 526 desiderio
389 508 487 533 equum
515 500 588 526 illum
614 499 788 526 Homericum
815 500 914 532 imitor,

130 545 436 580 perfractisqueeorum
450 567 456 577 ‚
473 555 486 572 a
504 546 601 579 quibus
619 545 766 576 retinebar,
781 546 896 573 vinculis
907 566 914 577 ,

132 599 240 625 campos
263 591 373 625 pedibus
397 592 492 625 pulso,
517 596 598 624 atque
620 591 653 617 ad
681 591 799 617 sodalem
826 599 914 618 meum

130 638 229 671 impetu
257 637 340 662 seror.
362 646 371 661 ι
397 636 422 661 Μ
446 636 558 669 contigit
578 644 647 662 auno
666 636 727 668 356,
754 641 800 663 aut
823 636 914 663 forsan

130 684 238 708 ineunte
256 682 313 708 557.

129 728 220 755 XLlX.
239 728 278 753 Ait
298 734 417 762 parentes
430 736 487 754 cum
504 728 586 761 fratre
606 728 723 755 Caesario
742 728 820 755 simul
835 729 912 756 redit.

165 775 302 808 Digressus
330 775 441 801 Atbeuis
474 774 619 809 Gregorius
649 775 913 810 Constantinopolim

129 827 199 847 terra
225 821 320 855 petiit;
339 829 417 854 quam
440 820 466 846 in
483 821 575 847 urbem
599 820 733 848 Caesarius
750 821 808 855 ejus
832 822 915 849 frater

127 868 289 894 Alexandria
307 868 453 900 proiectus,
467 867 561 894 eodem
575 873 695 902 tempore
708 868 818 902 appulit.
838 869 914 902 Quod

127 915 234 948 quidem
252 914 399 947 Gregorius
417 922 468 940 non
491 919 592 940 temere
610 922 641 941 ac
659 914 782 947 fortuito,
798 916 844 943 scd
859 916 914 943 sin-

126 959 211 994 gulari
227 960 272 985 Dei
291 959 469 992 providentia,
484 964 626 994 pareutum
641 961 708 988 votis
720 961 833 994 favente,
851 970 914 989 eon-

127 1006 218 1039 tigisse
238 1007 363 1032 observat
378 1006 425 1040 (b).
449 1015 456 1031 ‹
478 1006 524 1032 Pia
545 1015 661 1041 namque
678 1013 773 1039 mater,
791 1013 913 1036 materno

126 1052 238 1085 quodam
264 1058 343 1085 roto,
366 1058 446 1086 atque
464 1054 565 1080 amoris
582 1061 645 1089 erga
665 1054 733 1081 filios
749 1054 838 1088 pleno,
856 1055 913 1089 ‚boc

125 1098 235 1131 optabat
249 1117 257 1129 ,
289 1099 515 1132 quemadmodum
546 1100 641 1126 ambos
669 1099 763 1126 eodem
794 1105 913 1135 tempore

125 1145 262 1175 emiserat,
283 1144 320 1170 sie
338 1144 430 1170 ambos
448 1152 554 1178 quoque
575 1144 656 1171 simul
678 1144 824 1171 redeuntes
851 1152 912 1171 cer-

125 1195 210 1217 neret.
234 1200 242 1215 ›
264 1190 355 1224 ltaque
372 1190 517 1222 Caesarius,
533 1191 631 1225 spretis
647 1191 796 1218 honoribus
812 1191 912 1225 quibus

124 1238 251 1270 princeps
279 1237 372 1263 civitas
401 1238 511 1271 ipseque
536 1237 683 1270 imperator
709 1245 769 1263 eum
795 1238 912 1265 retinere

125 1283 288 1314 nitebantur,
307 1283 445 1316 proposito
471 1283 552 1309 nobili
571 1283 743 1309 matrimonio
768 1283 910 1317 oblataque

127 1328 262 1354 senatoria
278 1329 419 1362 dignitate,
436 1328 541 1354 itineris
555 1329 658 1354 socium
671 1336 701 1354 ae
717 1328 843 1354 comitem
859 1329 911 1354 sra-

126 1375 158 1399 tri
186 1383 214 1399 se
243 1375 373 1407 adjunxit,
400 1379 479 1408 atque
508 1374 543 1400 ita
571 1375 602 1400 ad
624 1379 764 1408 paternam
786 1375 909 1407 domum,

125 1420 193 1445 uude
213 1420 290 1445 simul
305 1421 396 1447 emissi
414 1420 535 1451 fueraut,
553 1420 632 1446 siuml
649 1420 774 1447 rediere(

125 1487 155 1519 L,
171 1488 211 1514 Ll.
235 1488 349 1521 ltaqatus
371 1497 386 1513 a
398 1488 548 1522 parentibus
561 1494 583 1514 et
605 1488 701 1514 civibus
717 1509 723 1519 ,
749 1489 845 1514 mundo
860 1489 910 1514 ali-

159 1524 317 1557 quantulum
330 1524 451 1556 temporis
462 1524 597 1556 impendit.
613 1523 703 1549 Pictas
717 1532 776 1557 erpa
790 1530 909 1556 parentes

159 1560 230 1584 domi
244 1560 332 1585 retinet
348 1558 503 1593 Greqorium
515 1579 521 1590 ,
541 1560 625 1593 ibique
645 1566 814 1585 monasticam
831 1560 909 1585 vitam

160 1595 222 1628 «qil.

160 1653 253 1678 ttettux
267 1653 291 1678 in
308 1653 420 1686 patriam
436 1652 592 1686 Gregorius,
607 1658 634 1679 ut
647 1652 761 1679 Basilius
777 1653 802 1679 ir.
817 1660 904 1684 suam,

127 1700 227 1726 mundo
245 1704 270 1725 et
293 1708 378 1726 sceme
397 1699 591 1734 aliquantulum
613 1700 741 1734 temporis
760 1700 905 1734 impendit,

124 1745 246 1778 quanm-is
260 1745 293 1771 ab
311 1745 460 1772 ambitione
477 1750 502 1771 et
521 1745 650 1771 theatrica
675 1745 773 1779 ingenii
789 1750 909 1771 ostenta·

125 1792 196 1818 tione
211 1799 290 1825 quam
307 1792 422 1817 maxime
435 1791 593 1818 abhorreret
606 1799 612 1822 ;
626 1791 672 1817 sed
686 1791 789 1818 civibus
801 1796 827 1818 ct
842 1791 910 1817 ami-

124 1839 162 1864 cis
176 1838 342 1872 rogantibus,
360 1842 387 1863 ut
401 1841 583 1871 comportatas
594 1837 627 1863 ab
642 1837 742 1863 exteris
756 1837 910 1871 regionibus

123 1891 187 1916 opes
205 1887 348 1916 promeret,
366 1883 466 1917 ingenii
484 1882 523 1909 sui
544 1883 689 1916 specimina
708 1883 839 1916 denegare
858 1891 908 1909 uon

124 1929 217 1960 licuit;
232 1934 275 1960 et,
291 1934 319 1955 ut
338 1929 421 1963 ipsius
441 1930 528 1955 verbis
545 1934 605 1954 utar
618 1929 665 1963 (ε),
682 1929 773 1955 muisis
791 1929 907 1961 saltavit,

123 1976 179 2006 τοῖς
204 1975 289 2008 φίλως
313 1975 492 2010 ὠρχησάμην.
517 1975 688 2009 Propositum
715 1983 831 2009 namque
860 1976 909 2009 ipsi

123 2026 182 2048 erat
207 2022 240 2047 ab
267 2021 353 2052 initio,
381 2021 509 2055 projectis
525 2021 658 2052 omuibus,
676 2021 756 2047 etiam
780 2021 910 2047 facundiae

124 2067 270 2097 laboribus,
286 2067 330 2092 uni
348 2067 522 2100 pliilosopliixe
537 2074 647 2100 operam
663 2067 726 2093 dare
738 2087 744 2098 ,
760 2074 807 2094 seu
827 2068 907 2092 vitam

125 2113 299 2139 monasth-am
326 2113 460 2146 amplecti.
488 2112 515 2138 Si
544 2112 641 2139 Rufino
661 2112 699 2146 (tl)
725 2113 908 2145 credendum,

125 2160 266 2185 rhetorica:
307 2166 403 2184 munus
443 2158 584 2192 magnifice
616 2157 732 2184 Basilius
768 2159 889 2184 excreuit
902 2179 908 2189 ,

123 2205 269 2239 Gregorius
294 2212 356 2230 vero
382 2205 599 2239 magnificentius
617 2206 793 2238 contempsit.
809 2204 907 2232 Basilio

123 2251 222 2281 etiam,
240 2258 300 2276 eum
328 2251 442 2277 Atlienis
459 2245 650 2282 ¹versarentur,
675 2251 853 2284 promiserat,
880 2259 908 2277 se

122 2304 182 2322 eum
197 2302 229 2322 eo
242 2296 266 2322 in
282 2297 403 2322 eamdem
420 2297 592 2323 solitudinem
610 2305 790 2323 recessurum.
809 2297 906 2324 Verum

123 2343 148 2368 in
167 2342 236 2368 :edes
261 2347 387 2376 paternas
412 2351 549 2369 reversum
567 2349 633 2370 :ctas
657 2344 750 2370 senilis
765 2350 906 2377 parentum

122 2389 192 2415 domi
213 2396 321 2414 manere
335 2389 475 2422 compulit,
495 2394 629 2415 uteorum
655 2397 747 2416 curam
774 2391 905 2421 baberet,

121 2435 267 2468 datamque
288 2436 375 2462 amico
402 2436 479 2461 [idem
507 2436 602 2462 debitae
630 2437 785 2469 parentibus
813 2438 904 2471 pietati

122 2481 281 2513 posthabere
303 2481 400 2514 coegit.
425 2490 433 2505 ι
454 2480 598 2508 Promissis
617 2489 668 2507 nou
688 2483 760 2513 steti,
782 2482 876 2514 fateor,
895 2493 903 2508 ι

123 2527 208 2559 iuquit
225 2526 342 2560 querelis
355 2526 444 2552 Basilii
463 2526 627 2559 respondens
643 2528 678 2559 (e)
694 2535 699 2552 ε
717 2537 724 2551 ‹
744 2528 904 2561 quippejam

121 2570 180 2595 iude
194 2570 226 2595 ab
241 2570 354 2596 Atbeuis
371 2570 493 2604 illiusque
511 2571 559 2596 loci
577 2572 694 2597 amicitia
712 2577 737 2597 et
752 2573 903 2600 animorum

119 2616 288 2641 counexione
303 2616 310 2650 ζ
323 2624 370 2642 nec
383 2617 454 2642 euim
472 2617 560 2650 aptius
577 2618 686 2643 rei-bum
709 2618 846 2651 occurrit)
865 2620 903 2645 fa-

155 2706 191 2734 (c)
208 2706 254 2731 Or.
274 2706 318 2735 45,
335 2715 359 2731 ιι.
375 2707 418 2733 ἱζί.

152 2741 293 2770 4(1>()t.7,
314 2751 338 2766 ιι.
354 2743 379 2768 Η.

153 2781 188 2807 (ι)
208 2777 296 2801 ‹Lai-u».
323 2777 357 2800 lh*
383 2777 431 2802 rita
446 2786 502 2807 ¹xiia,
520 2785 542 2803 ι’.
564 2777 624 2803 ἰῖί.

154 2815 193 2840 (ιΙ;
218 2810 275 2835 {liat
295 2830 300 2840 ,
323 2813 364 2836 ld».
387 2820 413 2842 tt,
430 2822 452 2836 ι.
474 2816 498 2837 ¹.)-

207 2847 276 2878 14·.=i
306 2847 327 2871 a}

971 226 1116 257 baberent,
1144 226 1275 260 simulque
1299 225 1516 260 pbilosopharer.
1542 224 1635 250 Fidem
1661 229 1751 250 autem

969 270 1062 302 fefelli,
1078 271 1148 298 haud
1165 277 1261 305 sponte
1282 279 1313 297 ac
1341 271 1475 297 libenter:
1501 278 1594 296 verum
1613 271 1682 304 quod
1703 271 1745 297 lex

968 316 1053 350 legem
1069 317 1211 350 superarit,
1228 324 1259 343 ea
1276 316 1403 343 nimirum
1414 336 1421 348 ,
1445 323 1504 349 quae
1523 320 1649 350 parentes
1664 315 1751 342 colere

965 362 1051 395 jubet,
1065 362 1149 396 legem
1169 363 1320 390 sodalitatis
1338 370 1369 389 ac
1384 361 1590 388 familiaritatis.
1619 371 1628 387 ›
1645 361 1750 388 Interea

970 413 1056 435 tamen
1079 408 1235 443 Gregorius,
1259 414 1389 443 quantum
1416 408 1464 442 ipsi
1489 407 1576 440 licuit,
1597 409 1668 440 quod
1693 408 1748 434 Deo

967 454 1137 488 promiserat,
1155 455 1216 481 vitre
1231 462 1315 489 genus
1327 459 1367 481 est
1379 459 1505 485 secutus;
1522 461 1638 488 cumque
1654 454 1703 488 ipsi
1720 454 1747 480 in

967 499 1137 527 solitudinem
1164 507 1223 527 sese
1248 501 1396 534 reeipiendi
1414 500 1528 527 facultas
1550 507 1602 526 non
1629 500 1749 531 daretur,

967 546 1000 573 ab
1013 547 1091 573 aniiei
1107 547 1243 573 consortio
1263 548 1415 573 abstractus
1434 546 1473 573 sic
1489 547 1570 572 vitam
1586 546 1612 573 in
1627 546 1745 579 paternis

967 592 1069 619 :edibus
1093 593 1224 626 instituit,
1246 597 1276 619 ut
1299 592 1386 620 media
1401 593 1516 627 quadam
1537 592 1578 619 ria
1603 592 1748 622 incedens,

967 647 1026 666 cum
1053 640 1151 666 actioni
1180 645 1236 666 tum
1256 640 1475 673 contemplationi
1497 644 1617 666 vacaret.
1644 638 1748 673 Quippe

967 686 1053 712 media
1069 686 1124 712 bace
1139 686 1191 718 via,
1208 686 1315 712 tametsi
1330 685 1393 712 illud
1410 686 1470 712 vit-„e
1494 693 1577 720 genus
1593 693 1646 712 non
1662 689 1748 715 esset,

966 732 1037 766 quod
1055 740 1084 758 se
1108 733 1133 758 iu
1151 732 1293 758 solitudine
1311 740 1371 758 cum
1388 731 1487 758 Basilio
1506 735 1628 758 acturum
1645 730 1747 765 promi-

966 781 1048 809 serat,
1063 778 1171 804 minimc
1186 783 1274 804 tamen
1290 785 1304 804 a
1315 777 1459 811 propositae
1475 777 1650 810 philosophiae
1665 783 1746 810 scopo

967 823 1052 850 aliena
1066 829 1136 850 erat.
1153 823 1208 850 lino
1224 824 1277 850 vita
1297 824 1353 857 ipsa
1371 823 1519 849 monastica
1536 827 1606 854 erat,
1624 822 1646 848 si
1662 821 1750 847 minus

967 878 1079 905 corpore
1094 871 1120 897 in
1135 871 1243 897 deserto
1258 875 1284 897 et
1298 869 1441 897 solitudine
1457 874 1527 901 aeta,
1545 869 1641 895 saltem
1660 873 1750 894 mente

966 921 990 942 ct
1008 915 1136 943 moribus.
1156 925 1164 941 ι
1181 916 1285 943 Morum
1301 915 1373 942 cuim
1386 920 1428 941 est
1441 915 1496 941 vita
1512 914 1661 941 monastiea
1673 934 1680 945 ‚
1696 921 1747 939 uon

965 970 1120 996 corporum,
1140 972 1149 988 ι
1173 967 1201 988 ut
1224 963 1280 996 ipse
1308 962 1454 996 Gregorius
1484 961 1526 988 bis
1551 961 1640 988 verbis
1667 964 1747 986 testa-

966 1013 1007 1035 tur
1019 1009 1066 1042 (f),
1087 1009 1131 1035 ubi
1146 1009 1215 1036 viam
1242 1009 1314 1035 illam
1330 1007 1446 1034 mediam
1467 1007 1615 1034 describit:
1634 1005 1749 1041 Τρόπωε

964 1055 1017 1089 γὰρ
1031 1053 1098 1080 εἶναι
1113 1055 1161 1089 τὴν
1182 1055 1274 1090 μονὴν,
1291 1054 1320 1080 οὐ
1339 1054 1482 1088 σωμάτων.
1506 1052 1551 1079 Sic
1566 1053 1646 1079 etiam
1664 1051 1749 1078 Sozo-

964 1107 1069 1132 menus,
1085 1100 1308 1133 φιλοσοφοῦντας,
1324 1100 1470 1126 monachos
1483 1097 1597 1132 appellat
1617 1105 1670 1124 non
1689 1101 1748 1122 tan-

965 1151 1020 1172 tum
1035 1154 1081 1173 eos
1098 1156 1106 1171 ι
1127 1147 1172 1180 qui
1196 1146 1221 1172 in
1243 1145 1386 1172 solitudine
1411 1145 1592 1176 delituerunt,
1623 1153 1632 1168 ι
1656 1150 1748 1169 rerum

964 1193 1043 1219 etiam
1061 1199 1117 1222 eos,
1151 1201 1159 1216 ι
1188 1192 1243 1225 qui,
1263 1191 1324 1217 licet
1349 1191 1374 1217 in
1402 1190 1488 1217 media
1506 1190 1646 1216 civitatum
1660 1189 1747 1218 turba,

963 1238 1079 1265 vixerint
1099 1238 1164 1264 viles
1182 1243 1210 1264 et
1224 1237 1341 1272 abjecti,
1357 1244 1405 1263 nee
1421 1244 1436 1263 a
1453 1236 1531 1271 vulgo
1547 1236 1680 1262 ullatenus
1695 1234 1749 1261 dis-

962 1290 1103 1318 crepantes
1113 1284 1280 1318 (molieram
1295 1284 1374 1317 igitur
1394 1283 1516 1309 monaehi
1532 1282 1612 1308 vitam
1631 1281 1656 1307 iu
1669 1281 1748 1306 domo

963 1336 1085 1365 paterna,
1101 1330 1218 1356 noudum
1232 1331 1258 1355 in
1273 1336 1375 1360 eremo,
1388 1329 1484 1362 agebat
1499 1328 1660 1361 Gregorius;
1676 1334 1747 1352 vere-

962 1384 1014 1410 que
1029 1376 1177 1402 monachus
1189 1395 1195 1407 ,
1224 1384 1276 1401 non
1293 1382 1406 1408 corpore
1419 1394 1426 1406 ,
1448 1374 1493 1401 sed
1509 1374 1563 1400 vita
1586 1380 1612 1399 ct
1629 1373 1748 1399 moribus

962 1422 1020 1448 suit.
1232 1424 1235 1427 “

931 856 951 882 B

961 1499 1014 1526 Lll.
1044 1499 1128 1526 l'ittmt
1153 1500 1323 1526 monasticam
1340 1508 1365 1540 se
1388 1499 1579 1532 amplexurum,
1596 1499 1674 1524 etiam
1689 1504 1747 1524 voto

1253 1544 1279 1561 se
1293 1540 1461 1561 astrinxerat.

988 1603 1052 1637 Quis
1059 1605 1195 1632 enimvero
1208 1613 1295 1639 ptura,
1305 1612 1382 1634 quam
1392 1612 1450 1638 qute
1461 1602 1746 1638 praesiitucregorius,

962 1651 1082 1684 requirat
1097 1656 1124 1677 ut
1139 1651 1200 1684 quis
1215 1651 1297 1676 vitam
1316 1649 1493 1677 monasticam
1507 1649 1595 1682 egisse
1610 1649 1745 1681 credatur,

962 1701 988 1723 et
1000 1696 1147 1723 monachus
1164 1697 1363 1723 existimandus
1379 1696 1424 1728 sit,
1444 1704 1475 1723 eo
1494 1696 1610 1722 maxime
1627 1700 1747 1730 tempore

963 1750 1016 1777 quo
1042 1743 1158 1769 noudum
1179 1748 1236 1769 erat
1261 1744 1288 1769 in
1313 1751 1362 1770 usu
1389 1743 1518 1770 solemnis
1544 1748 1667 1770 votorum
1693 1743 1746 1770 Deo

963 1789 1146 1822 nuncupatio?
1171 1788 1223 1815 Sua
1247 1797 1307 1816 eum
1333 1794 1419 1815 mater
1442 1789 1496 1815 Deo
1520 1789 1628 1819 dicavit,
1657 1796 1671 1815 a
1695 1797 1746 1823 quo

962 1840 1119 1868 acceperat;
1138 1842 1306 1869 quaecunque
1324 1840 1410 1862 mater
1426 1835 1515 1862 suerat
1529 1823 1659 1868 pollicita,
1678 1835 1746 1862 Gre-

962 1882 1051 1914 gorius
1068 1885 1124 1906 rata
1143 1880 1246 1906 babuit.
1258 1880 1318 1914 lpse
1335 1888 1386 1906 non
1401 1880 1483 1907 semel
1497 1887 1526 1907 se
1543 1881 1596 1906 Deo
1611 1880 1706 1906 obtulit
1721 1885 1746 1907 et

962 1927 1082 1958 addixit;
1096 1926 1177 1952 vitam
1194 1926 1372 1953 monasticam
1390 1926 1577 1960 amplexurum
1591 1927 1672 1953 ctiam
1686 1931 1746 1953 voto

962 1981 991 1999 se
1009 1972 1153 2003 astrinxit,
1176 1980 1235 1998 cum
1254 1976 1414 2005 tempestate
1435 1971 1554 2005 jactatus
1572 1973 1597 1997 iu
1616 1972 1745 2006 periculo,

962 2018 1032 2052 quod
1048 2018 1169 2052 precibus
1185 2023 1212 2044 et
1232 2023 1292 2044 voto
1311 2018 1486 2052 propulsavit,
1504 2023 1668 2044 versaretur.
1685 2017 1745 2044 Pro-

963 2065 1045 2090 missa
1061 2063 1175 2090 fideliter
1189 2063 1300 2097 perfecit
1321 2064 1371 2097 (li).
1388 2063 1495 2095 Omnia,
1513 2064 1595 2090 etiam
1614 2064 1746 2091 facundia}

963 2110 1080 2141 labores,
1093 2110 1255 2144 contempsit
1268 2118 1319 2136 non
1334 2118 1411 2136 secus
1425 2118 1455 2137 ac
1469 2110 1505 2136 illi
1517 2110 1569 2137 duo
1581 2110 1743 2145 pbilosoplti,

965 2164 1077 2190 quorum
1093 2156 1160 2183 alter
1177 2156 1275 2190 praedia
1290 2164 1337 2182 sua
1355 2156 1508 2190 dereliquit,
1523 2157 1591 2184 alter
1604 2157 1744 2184 collectum

925 2211 945 2238 Ι)
961 2211 993 2228 ex
1011 2202 1126 2228 venditiS
1150 2203 1221 2236 agris
1243 2207 1385 2236 argentum
1410 2203 1436 2229 in
1464 2210 1538 2230 mare
1563 2203 1675 2237 projecit.
1701 2204 1744 2238 (i).

962 2248 1073 2275 Missum
1093 2249 1142 2275 suit
1161 2249 1375 2280 matrimonium,
1394 2249 1544 2276 castitatem
1561 2250 1642 2281 vox-tt,
1662 2257 1743 2284 quam

962 2295 1085 2328 amplecti
1103 2295 1184 2321 lixum
1202 2295 1252 2329 ipsi
1270 2295 1463 2329 immotumque
1478 2302 1584 2329 seinper
1599 2296 1648 2321 snit
1665 2303 1671 2321 τ
1688 2296 1744 2322 Πά-

961 2341 1004 2366 λαι
1029 2341 1187 2375 δεδογμένον
1205 2342 1227 2366 τ’
1241 2339 1291 2376 ἦν;
1310 2342 1434 2368 omnibus
1463 2348 1494 2368 sev
1517 2342 1621 2375 penitus
1642 2342 1716 2368 exuit
1737 2351 1743 2368 :

963 2397 971 2412 ι
991 2388 1092 2414 Caetera
1129 2388 1253 2421 quidem,
1284 2388 1370 2421 iuquit
1396 2386 1443 2421 (j),
1471 2388 1595 2414 mandato
1613 2393 1639 2414 et
1657 2388 1744 2422 Spiri-

962 2436 998 2462 tui
1014 2436 1125 2469 rcliqui;
1141 2444 1171 2462 ae
1187 2436 1333 2469 pretiosam
1350 2435 1523 2469 margaritam
1542 2442 1602 2461 cum
1618 2436 1742 2463 omnibus

961 2483 1004 2514 iis,
1019 2490 1077 2516 quat
1091 2483 1225 2516 quondam
1245 2482 1387 2513 habebam,
1403 2481 1585 2511 ‹·01uuiutavi;
1603 2481 1743 2515 factusque

960 2534 1030 2559 sum,
1048 2532 1104 2559 aut,
1123 2532 1153 2554 ut
1166 2527 1265 2554 rectius
1286 2527 1390 2561 loquar,
1408 2526 1465 2553 lieri
1490 2531 1553 2561 opto
1571 2535 1684 2561 magnus
1700 2527 1742 2554 itte

960 2574 1121 2607 negotiator,
1144 2574 1188 2608 qui
1206 2573 1310 2608 exiguis
1336 2574 1416 2599 rebus
1438 2579 1518 2608 atque
1544 2576 1653 2601 omnino
1681 2581 1742 2610 por-

959 2619 1038 2646 ituris
1056 2628 1150 2654 magna
1169 2624 1195 2645 et
1212 2624 1311 2646 :eterna
1330 2620 1402 2645 ιειιιίι.
1416 2629 1424 2644 ι

997 2709 1030 2742 (s)
1049 2710 1137 2736 Carni.
1159 2710 1194 2736 De
1214 2711 1263 2735 vita
1281 2719 1345 2740 aun,
1364 2719 1388 2736 v.
1419 2711 1478 2737 525¹.

997 2746 1034 2778 (ῃ)
1051 2746 1169 2775 Solon,
1185 2746 1201 2770 Ι.
1221 2753 1259 2776 ιιι,
1273 2754 1296 2770 ‹·.
1315 2747 1397 2780 121..
1412 2747 1473 2774 528,

996 2781 1033 2809 (bl
1053 2781 1141 2806 (larun,
1163 2781 1197 2805 lh·
1215 2781 1264 2805 ritu
1283 2791 1341 2813 auu,
1358 2790 1379 2807 r.
1400 2782 1461 2809 2¹72).

995 2815 1025 2847 (ι’)
1043 2815 1117 2840 llud..
1136 2824 1158 2840 ι’.
1176 2816 1236 2840 233.

996 2856 1026 2868 ν’*
1044 2852 1087 2875 Or.
1103 2852 1127 2881 b',
1146 2859 1170 2875 ιι,
1186 2851 1211 2876 ὅ.
