1838 3046
155 91 221 117 listi
746 92 773 118 S.
794 90 955 118 GttlfiGORll
979 89 1149 116 Ttlssomei
1692 88 1753 115 ΗΟ(-

154 149 262 189 quasi,
280 161 291 176 n
313 149 397 179 addit
414 152 539 179 sanctus
556 150 683 186 Doctor,
700 160 713 176 <x
731 157 795 179 noa
816 148 940 178 licuerit
958 148 1103 177 eum-lem
1122 152 1152 177 et
1177 147 1304 177 laudare
1329 149 1357 177 ct
1381 146 1557 184 vituperare
1582 154 1636 184 pro
1663 149 1744 176 tem-

155 198 241 228 pore.
260 200 272 215 υ
290 188 398 218 Billius
412 197 485 217 vero
501 188 573 227 (67),
588 189 732 227 quamvis
746 196 807 217 non
819 187 989 216 dilliteatur
1004 186 1130 215 Maximi
1151 186 1258 215 laudes
1277 186 1333 216 bac
1350 186 1493 215 oratione
1503 185 1743 222 comprehendi,

155 231 259 258 censet
281 232 383 257 lamen
401 250 408 262 ,
431 235 492 256 non
511 228 621 257 abalio
637 228 795 265 quodam,
813 225 925 256 sea-ai>
939 225 1008 263 ipso
1024 225 1176 262 Gregorio
1193 225 1322 254 Maximi
1340 232 1455 254 nomen
1473 226 1618 255 consulto
1646 227 1751 253 muta-

155 272 220 296 tum
239 267 353 302 tuisse,
372 278 386 293 «
403 276 459 301 ne,
479 278 492 294 »
511 266 631 303 inquit,
645 279 657 293 ι(
676 265 882 302 ingratissimi
902 264 1040 293 hominis
1057 271 1172 293 nomen
1189 264 1221 293 in
1238 265 1305 293 suis
1326 264 1541 294 monumentis
1557 266 1712 297 exstaret;
1732 274 1746 289 »

156 306 427 343 illi1d‹p11·.·11›Elia
445 314 505 336 uon
524 307 726 335 observatum
741 304 882 333 miratur.
900 304 1018 332 Verum
1032 303 1136 333 debile
1151 311 1278 340 prorsus
1295 311 1330 333 ac
1346 303 1507 332 intirmum
1524 302 1646 332 videtur
1666 302 1749 331 istud

156 346 332 382 argumenti
361 353 477 382 genus;
496 344 684 383 pracsertim.
703 351 773 372 cum
796 342 967 378 Gregorius
987 342 1074 378 ipse,
1093 345 1128 371 ut
1152 341 1210 371 alia
1237 343 1441 375 omittamus,
1462 342 1534 371 alibi
1556 352 1568 368 i<
1589 350 1624 371 se
1651 341 1751 369 Maxi-

159 394 244 413 mum
265 384 437 414 laudasse»
455 392 517 413 nou
535 383 692 412 inficietur
712 381 1062 419 (68).Conjiciuntalii,
1080 381 1506 418 interquos'1'illemoniius‚
1524 379 1750 417 philosophum

158 424 253 452 istum
271 423 464 452 binominem
483 422 593 457 fuisse,
614 430 649 452 ac
673 421 754 458 apud
771 420 947 458 AEgyptios‚
965 420 1049 449 unde
1073 419 1226 449 oriundus
1243 424 1320 455 erat,
1340 420 1492 453 Heronis,
1509 423 1539 448 et
1568 418 1748 449 Constanti·

157 462 283 500 nepoti,
300 462 353 491 ubi
372 462 467 491 nimis
486 461 588 490 clarus
605 461 717 495 evasit,
734 460 860 489 Maximi
888 459 1015 488 nornine
1044 461 1271 497 nuncupatum.
1288 458 1503 489 Verisimilior
1522 457 1626 488 forsan
1651 456 1752 486 videri

158 505 265 540 posset
282 501 344 530 hsce
371 500 624 530 doctissimorum
645 499 782 529 virorum
799 498 996 535 conjectura;
1012 497 1067 527 scd
1094 505 1150 527 nos
1180 501 1241 527 tam
1259 507 1410 535 expresse
1439 497 1622 534 consignata
1640 497 1753 526 Hiero-

160 540 247 578 nymi
265 540 421 569 sententia
444 547 617 576 suspensos
633 538 735 568 adhuc
751 537 883 567 detinet.
898 537 972 566 Nam
986 558 994 569 .
1008 536 1033 566 si
1051 536 1224 566 binomims
1240 545 1347 567 revera
1363 536 1476 566 suisset
1494 536 1664 571 Maximus,
1680 535 1753 573 quis

160 579 280 613 credat,
299 580 491 608 utobscrvat
518 577 588 615 ipse
606 576 935 614 Tillemontiusffiffl),
956 576 1266 614 Hieronymum,qui
1293 584 1365 606 cum
1390 575 1544 613 Gregorio
1573 573 1755 605 Constanti-

160 618 267 654 nopoli
289 622 347 647 tam
364 617 560 647 familiariter
576 616 772 651 versabatur,
789 617 818 644 id
840 616 1026 653 ignorasse?

198 658 237 688 ΙΙ.
254 657 391 694 Cyrillus
407 656 695 693 ScytliopolitanuS,
713 655 745 684 iu
778 655 846 685 Vlia
875 655 974 683 sancti
1001 654 1159 691 lz'atlzymt‘i
1191 657 1219 684 et
1239 654 1337 683 sancti
1359 653 1454 688 saboe,
1481 653 1562 683 iuter
1589 652 1758 683 chronolo-

161 706 228 736 gos,
252 699 319 732 post
352 696 557 733 Hippolytum
587 699 615 724 et
640 694 871 732 Epiphanium‚
889 693 1048 723 collocat«
1069 694 1224 723 Heronem
1256 704 1269 720 »
1291 693 1457 731 quemdam
1480 704 1493 719 α
1528 692 1753 730 philosophum

161 741 189 767 et
203 735 448 765 confessorem.»
465 735 549 763 Hinc
565 733 740 763 Cotelerius
755 733 799 763 sic
815 732 1013 770 conjiciendo
1032 733 1158 762 adnotat
1173 732 1254 772 (69):
1278 744 1291 759 «
1309 733 1416 770 Neque
1431 732 1526 769 pudet
1552 740 1601 761 me
1619 731 1754 763 nescire.

161 775 243 814 quod
265 783 279 803 a
297 774 372 803 viris
393 774 484 810 louge
500 773 690 803 doctissimis
707 772 765 801 fuit
797 772 994 809 ignoratum3
1016 780 1118 809 neque
1134 773 1241 802 tacebo
1261 772 1473 808 conjecturam
1496 779 1596 800 meam
1612 792 1620 804 ‚
1642 775 1694 799 aut
1723 770 1752 799 si

163 814 252 845 velis.
272 813 523 844 hariolationem.
543 820 616 841 num
631 812 713 840 Hero
731 811 790 841 iste
807 810 1014 847 philosophus
1031 815 1060 840 et
1076 810 1239 840 confessor
1255 812 1296 840 sit
1315 811 1471 840 Maximus
1490 810 1638 848 Cynicus,
1655 818 1750 846 quem

161 855 201 884 iis
219 853 276 882 sub
308 852 490 882 nominibus
520 852 625 881 laudat
640 851 783 880 oratione
801 849 974 885 Gregorius
990 849 1190 887 Theologus;
1212 851 1331 888 quique
1352 849 1496 887 scripsit,
1529 852 1608 878 teste
1638 849 1755 878 Hiero-

163 901 272 930 nymo,
301 892 457 929 insignem
489 891 601 920 librum
626 889 771 919 adversus
798 889 945 924 Arianos,
971 893 1000 918 et
1017 890 1095 918 torte
1112 889 1171 918 alia
1203 889 1330 927 reliquit
1348 888 1527 925 ingeniisui
1542 891 1760 923 monumenta,

162 937 255 970 atque
271 930 385 960 alieubi
402 938 532 967 operum
552 929 686 958 inseruit
717 929 863 958 nonnihil
882 928 1153 965 chronologicum,
1177 928 1316 967 obqued
1344 929 1381 957 al)
1398 931 1524 957 auctore
1549 931 1656 956 nostro
1693 936 1758 956 una

163 980 233 1001 eum
251 970 422 1008 Hippolyto
439 973 468 998 et
495 968 672 1007 Epiphanio
684 969 809 999 citetur.
837 978 849 996 »
872 968 987 996 Verum
1020 968 1092 997 huic
1118 969 1309 1006 conjecturae
1330 967 1411 996 ultro
1437 966 1660 996 ascribendum
1693 974 1758 995 non

164 1013 322 1048 putamus,
343 1017 413 1038 cum
428 1008 505 1037 nihil
523 1008 603 1044 apud
624 1007 854 1046 Hieronymum
871 1029 879 1042 ,
894 1006 932 1035 de
952 1006 1007 1036 hac
1022 1007 1151 1036 Maximi
1169 1016 1224 1037 seu
1240 1006 1376 1036 Heronis
1393 1005 1595 1043 chronologia
1623 1005 1762 1042 reperia-

164 1054 224 1079 tur.
242 1049 334 1077 Prius
353 1047 471 1086 quippe
490 1046 685 1085 probandum
701 1051 802 1081 esset,
820 1047 998 1081 Heronem,
1027 1047 1082 1084 qui
1110 1055 1127 1076 a
1154 1046 1274 1084 Cyrillo
1300 1046 1384 1075 iuter
1402 1046 1616 1082 chronologos
1632 1045 1759 1078 citatur,

163 1090 269 1127 ipsum
286 1096 394 1117 revera
413 1086 513 1116 fuisse
527 1086 699 1115 Maximum
715 1087 794 1122 452
810 1085 981 1124 Cynicum3
1002 1085 1086 1123 quod
1118 1086 1251 1122 probatu
1280 1089 1364 1115 certe
1386 1085 1478 1114 nobis
1502 1092 1654 1122 perquam
1674 1083 1757 1112 diffi-

165 1128 239 1162 cile,
256 1136 295 1156 ne
320 1127 462 1156 dicamus
477 1124 689 1163 impossibile,
708 1126 844 1155 videtur.
863 1125 976 1154 Mirum
994 1124 1122 1162 quidem
1148 1132 1211 1154 non
1224 1127 1325 1159 esset,
1344 1123 1497 1161 quosdam
1510 1123 1677 1159 Maximos,
1703 1131 1762 1151 seu

165 1167 308 1196 Herones
326 1165 532 1202 philosophos
545 1169 575 1194 et
591 1164 801 1198 confessores,
821 1163 933 1193 iisdem
948 1163 1014 1193 fere
1034 1163 1230 1202 temporibus
1253 1164 1431 1198 exstitisse;
1449 1163 1502 1192 sed
1518 1162 1603 1200 quod
1626 1162 1762 1191 maxime

166 1205 344 1236 mirandum
359 1208 423 1240 est,
436 1204 640 1242 Gregorium,
657 1203 711 1270 (pii
729 1202 760 1231 in
779 1202 861 1238 aliis,
883 1205 949 1232 tum
970 1202 1153 1237 Athanasii,
1170 1206 1235 1232 tum
1259 1202 1408 1240 Cypriani
1437 1201 1612 1236 encomiis,
1630 1210 1683 1231 eos
1703 1209 1764 1229 sre-

166 1245 237 1284 pius
256 1244 382 1281 proprio
400 1244 529 1274 nomine
544 1243 664 1281 compet
683 1247 729 1276 at,
746 1250 784 1271 ne
801 1241 898 1272 semel
920 1241 1048 1279 quidem
1065 1242 1097 1271 iu
1111 1241 1166 1271 hac
1182 1241 1337 1276 oratione,
1357 1241 1404 1270 vel
1420 1241 1605 1276 Maximum,
1624 1242 1670 1270 vel
1703 1240 1765 1268 He-

165 1292 275 1314 ronem
293 1284 484 1313 nominasse.
508 1283 627 1312 Forsan
647 1281 740 1318 igitur
752 1281 852 1311 satius
872 1283 974 1317 esset,
991 1281 1180 1319 Hieronymi
1198 1281 1364 1311 sententiaa
1384 1279 1571 1319 simpliciter
1586 1279 1761 1313 adhaercre,

166 1332 261 1362 quam
277 1322 467 1359 conjecturis
478 1321 595 1360 jugiter
610 1320 745 1350 inhiare.

205 1362 260 1392 Ill.
277 1362 377 1399 Objiei
393 1362 485 1391 etiam
504 1363 607 1399 potest
621 1381 628 1392 ,
645 1364 748 1389 utrum
762 1359 919 1389 Maximus
935 1367 951 1389 a
966 1359 1121 1397 Gregorio
1148 1359 1304 1394 laudatus,
1318 1359 1402 1388 idem
1428 1358 1469 1389 sit
1487 1367 1521 1388 ac
1537 1357 1590 1388 ille
1616 1357 1653 1387 ad
1670 1364 1765 1396 quern

167 1401 346 1432 honorificae
371 1400 533 1430 Athanasii
553 1403 582 1429 et
612 1399 717 1428 Basilii
744 1404 869 1429 exstant
886 1398 1038 1437 epistolfe.
1055 1398 1146 1434 Quod
1174 1399 1211 1428 ad
1237 1398 1443 1430 Athanasium
1465 1398 1595 1432 attinet,
1614 1404 1679 1426 non
1698 1405 1766 1425 oni-

167 1443 243 1471 nino
260 1440 452 1469 assentimur
473 1439 602 1474 nostris,
631 1438 684 1476 qui
715 1445 828 1467 novam
846 1438 945 1467 sancti
961 1438 1106 1467 Doctoris
1122 1438 1262 1475 Operum
1288 1437 1460 1467 editionem
1488 1437 1695 1466 adornarunt.
1715 1435 1763 1464 illi

167 1479 325 1518 siquidem
350 1479 405 1508 hac
422 1479 460 1508 de
488 1487 519 1508 rc
538 1478 583 1507 sie
599 1477 771 1507 admonent
800 1476 858 1516 (ΤΟ)
878 1487 884 1506 :
905 1487 917 1503 «
934 1477 993 1506 Hie
1011 1477 1168 1506 Maximus
1186 1476 1408 1516 philosophus,
1426 1476 1462 1506 ad
1480 1484 1574 1514 quem
1596 1474 1762 1513 epistolam

167 1519 265 1548 mittit
279 1522 406 1548 sanctus
421 1517 625 1550 Athanasius,
642 1524 703 1546 uon
722 1516 801 1545 alius
818 1516 958 1555 profecto
975 1515 1099 1545 videtur
1115 1525 1198 1550 csse,
1217 1525 1311 1554 quan]
1331 1515 1562 1545 Alexandrinus
1586 1514 1653 1549 ille,
1673 1514 1763 1551 cujus

168 1558 277 1588 laudes
292 1557 434 1586 oratione
453 1557 590 1586 celebrat
609 1555 794 1593 Gregorius,
810 1556 900 1593 cujus
927 1555 1056 1585 nomine
1075 1559 1184 1593 postea
1200 1563 1388 1594 suppresso,
1409 1554 1524 1585 falsum
1542 1553 1679 1583 Heronis
1705 1561 1766 1582 no-

168 1606 240 1627 men
260 1597 511 1633 superscriptum
534 1595 635 1624 fuisse
651 1598 754 1623 narrat
780 1595 1007 1632 Hieronymus.
1039 1605 1053 1621 »
1070 1595 1206 1629 Verum,
1232 1594 1258 1623 si
1288 1597 1403 1624 attente
1431 1593 1677 1630 perpendantur,
1695 1595 1761 1621 tum

168 1637 302 1672 ipsamet
325 1635 489 1664 Athanasii
507 1634 638 1671 epistola
656 1656 663 1668 ,
680 1636 745 1662 tum
765 1634 917 1671 temporis
944 1636 973 1663 et
989 1642 1091 1663 rerum
1115 1632 1361 1663 circumstantia}
1374 1655 1381 1668 ‚
1408 1633 1494 1671 plura
1511 1635 1678 1661 occurrent
1694 1639 1766 1669 queo

167 1675 295 1705 illorum
310 1674 474 1703 sententia}
492 1672 621 1702 minime
638 1672 773 1701 faveant.
791 1673 835 1701 Ac
852 1672 952 1709 primo
966 1672 1096 1710 quidem
1123 1672 1245 1702 nullum
1264 1675 1309 1701 est
1324 1672 1456 1701 dubium
1470 1693 1477 1707 ,
1498 1671 1575 1710 quin
1593 1671 1651 1700 iste
1668 1669 1766 1699 Maxi-

167 1723 251 1749 mus,
273 1714 305 1743 in
329 1713 409 1742 libro
439 1721 534 1750 quem
551 1712 589 1741 ad
615 1710 822 1740 Athanasium
853 1711 956 1746 misit,
975 1711 1121 1747 plurima,
1140 1720 1201 1740 non
1223 1717 1342 1741 tantum
1361 1711 1513 1740 adversus
1545 1710 1692 1744 Arianos,
1710 1709 1764 1738 sed

168 1754 260 1784 etiam
275 1752 425 1782 adversus
440 1750 733 1789 gentiles‚JudaeOS‚
748 1749 939 1779 Manichaeos
956 1750 1100 1788 aliosque
1119 1750 1294 1785 lircreticos,
1306 1750 1460 1780 docuerit.
1484 1750 1517 1779 Id
1535 1757 1574 1778 cx
1587 1748 1653 1786 ipsa
1670 1747 1766 1778 Atha-

169 1792 249 1822 nasii
281 1791 491 1830 responsione
521 1790 692 1827 colligitur.
711 1789 840 1818 Fatetur
864 1789 948 1818 enim
978 1793 1106 1818 sanctus
1133 1790 1257 1819 Doctor.
1276 1798 1322 1824 se,
1342 1797 1529 1825 responsum
1551 1788 1708 1822 dictando,
1728 1795 1766 1816 ex

168 1832 239 1870 ipso
257 1831 335 1860 libro
358 1829 496 1859 mutuari
524 1836 722 1867 quaecunquc
748 1829 785 1856 de
805 1828 919 1857 Christi
949 1828 1114 1857 divinitate
1132 1832 1311 1866 pertractat.
1341 1827 1469 1857 Maximi
1499 1835 1629 1866 quoque
1646 1827 1763 1864 scripto

169 1871 246 1900 nihil
264 1869 443 1900 addendum
459 1868 639 1898 arbitratur.
658 1879 671 1893 «
692 1866 771 1895 Satis
788 1872 861 1895 sunt
874 1888 881 1901 ,
900 1878 914 1894 »
932 1867 1036 1905 inquit
1053 1867 1131 1906 (71),
1149 1870 1163 1894 <i
1181 1867 1332 1905 ‹31ureipse
1351 1866 1518 1904 scripsisti.
1535 1867 1581 1895 Tu
1597 1869 1700 1895 autem
1719 1865 1768 1894 in-

169 1910 291 1945 fideles,
309 1912 457 1944 ἀπίστους,
472 1908 529 1937 rite
549 1907 693 1946 perdocc.
706 1906 797 1935 Forte
816 1905 899 1935 enim
922 1907 1062 1936 saturum
1079 1911 1143 1941 est,
1157 1911 1208 1940 ut,
1227 1905 1331 1935 relicta
1349 1906 1485 1939 inscitia,
1505 1905 1541 1935 ad
1559 1905 1699 1934 veritatis
1716 1912 1767 1933 eo-

169 1949 342 1987 guitionem
358 1947 576 1985 perveniant.»
591 1946 709 1975 Laudat
729 1945 861 1982 iusuper
872 1945 1001 1974 Maximi
1022 1946 1179 1983 pietatem,
1197 1945 1369 1974 doctrinam
1389 1947 1417 1973 et
1433 1945 1545 1974 ardens
1563 1952 1616 1982 pro
1637 1943 1767 1972 veritate

170 1988 329 2019 studium:
348 1995 418 2026 quie
440 1985 580 2024 profecto
601 1985 639 2014 ad
659 1985 811 2021 Cynicum
833 1989 974 2014 nostrum
994 1985 1102 2014 rel'erri
1121 1993 1181 2013 nou
1201 1987 1346 2021 possunt.
1367 1984 1487 2013 Deinde
1503 1983 1695 2012 Athanasius
1725 1983 1763 2011 ad

169 2028 342 2056 Maximum
360 2035 452 2055 suum
474 2025 642 2059 scribebat,
661 2028 693 2052 ut
710 2023 825 2052 nostris
843 2023 946 2053 visum
965 2027 1012 2053 est
1026 2045 1034 2057 ,
1054 2032 1136 2053 auno
1151 2023 1221 2059 371,
1245 2026 1275 2052 et
1303 2031 1318 2052 e
1336 2023 1416 2052 vivis
1441 2022 1576 2052 excessit
1595 2029 1678 2051 auno
1693 2022 1764 2050 373.

170 2066 317 2096 Nondum
338 2069 441 2095 autem
461 2068 534 2093 tunc
551 2063 703 2101 temporis
721 2062 845 2099 pietatis
865 2062 980 2092 larvam
1006 2063 1150 2092 induerat
1176 2063 1333 2091 Maximus
1363 2061 1514 2100 Cynicrm,
1536 2070 1606 2091 eum
1636 2060 1765 2090 nonnisi

170 2114 253 2135 anno
269 2105 339 2138 379,
357 2104 395 2133 ab
411 2104 523 2133 exsilio
542 2103 641 2132 redux
654 2123 663 2136 ,
680 2102 953 2142 Constantinopoli
972 2111 987 2131 a
1000 2101 1151 2137 Gregorio
1168 2105 1316 2138 exceptus
1333 2100 1439 2130 suerit.
1455 2100 1522 2130 Non
1542 2100 1637 2138 igitur
1649 2099 1684 2129 ad
1703 2100 1766 2128 Ma-

172 2145 292 2174 ximum
308 2144 460 2181 Cynicum
476 2141 600 2179 scripsit
615 2140 817 2175 AthanasiuS,
836 2145 868 2169 ut
883 2141 960 2171 salso
979 2144 1127 2179 putarunt
1144 2141 1244 2178 ipsius
1262 2139 1401 2169 editores

212 2184 264 2212 lv.
283 2183 381 2213 Multo
399 2182 504 2211 minus
531 2180 722 2210 difficultatis
741 2180 877 2209 occurrit
902 2180 982 2209 circa
1010 2180 1182 2209 Maximum
1202 2180 1290 2208 illum
1312 2179 1348 2208 ad
1368 2187 1462 2217 quem
1493 2178 1619 2216 scripsit
1640 2183 1767 2208 sanctus

172 2222 318 2252 Basilius.
342 2222 376 2251 Ut
397 2220 524 2255 penitus
540 2220 680 2248 solvatur
702 2219 802 2247 nodus
820 2240 827 2253 ‚
844 2220 919 2247 satis
938 2219 996 2248 orit
1011 2219 1181 2257 utriusque
1200 2218 1327 2247 Maximi
1350 2226 1452 2247 utores
1480 2222 1509 2247 ct
1535 2218 1673 2246 indolem
1690 2225 1768 2254 apc-

172 2263 246 2292 rire.
264 2261 370 2291 Basilii
388 2260 545 2289 Maximus
566 2257 626 2287 suit
641 2258 769 2296 quidem
790 2257 1011 2296 philosophus,
1027 2266 1088 2287 non
1106 2258 1257 2296 Cynicus,
1276 2257 1321 2286 vel
1338 2265 1354 2286 e
1375 2257 1510 2291 Porticu,
1532 2257 1584 2285 sed
1611 2256 1765 2285 Christia-

173 2310 245 2331 nus.
264 2312 277 2327 «
294 2301 339 2329 Ex
355 2299 456 2330 aliena
477 2298 598 2334 radice,
618 2308 631 2324 »
650 2297 752 2334 inquit
776 2296 911 2326 Basilius·
928 2297 1020 2335 (71*)‚
1040 2308 1052 2323 (ι
1071 2305 1107 2326 ex
1131 2296 1231 2335 ampla
1245 2295 1365 2324 t'amilia
1385 2301 1415 2325 et
1441 2296 1555 2325 illustri
1577 2303 1711 2332 genere,
1729 2297 1766 2324 ad

175 2340 385 2376 evangelicam
406 2338 574 2367 translatus
604 2337 697 2365 vitam
717 2346 730 2362 »
749 2335 789 2373 (id
806 2337 899 2365 estin
925 2345 979 2365 oro
1008 2341 1186 2365 sanctorum
1208 2336 1345 2370 Patrem,
1375 2335 1410 2364 ad
1430 2334 1630 2364 monasticam
1651 2335 1769 2372 vitam),

174 2390 189 2406 α
206 2379 538 2415 rationcjuventutcm
558 2375 744 2407 refrenabat,
758 2375 860 2404 caruis·
873 2375 1037 2405 libidinem
1055 2375 1186 2404 rationis
1203 2374 1336 2411 imperio
1351 2373 1554 2411 subjiciebat,
1572 2377 1601 2402 ct
1630 2380 1768 2403 conscu-

175 2422 296 2447 laneam
311 2416 489 2446 Christiano
507 2415 714 2444 humilitatem
732 2413 978 2450 amplexabatur.
1002 2426 1015 2440 »
1045 2414 1142 2442 'l'anta
1165 2413 1225 2451 ipsi
1247 2413 1347 2442 inerat
1368 2413 1481 2450 pietas,
1503 2415 1625 2441 tantum
1643 2412 1770 2441 virtutis

174 2466 208 2486 ac
225 2456 385 2492 religionis
401 2455 561 2488 studium,
586 2458 618 2483 ut
634 2452 768 2481 Basilius
786 2453 872 2489 ipse,
900 2453 929 2481 ni
949 2453 1059 2483 suisset
1077 2453 1166 2482 senio
1183 2457 1212 2481 et
1231 2451 1414 2481 inlirniitate
1430 2455 1589 2488 gravatus,
1610 2451 1769 2489 variisque

173 2496 322 2525 Ecclesiae
340 2494 424 2523 curis
447 2494 630 2529 impeditus,
647 2492 683 2520 ad
708 2500 779 2519 eum
804 2491 924 2521 visendi
943 2492 1102 2522 desiderio
1125 2500 1158 2521 se
1189 2490 1387 2520 contulisset.
1410 2491 1455 2519 En
1471 2490 1582 2519 Basilii
1600 2490 1770 2519 Maximus.

173 2535 331 2569 Quantum
348 2538 452 2562 autem
466 2534 503 2561 ab
520 2532 573 2561 illo
590 2532 744 2567 discrepat
770 2530 927 2559 Maximus
943 2533 1023 2567 453
1044 2530 1134 2565 alter,
1154 2539 1210 2560 scu
1231 2530 1326 2565 Hero,
1346 2537 1441 2567 quem
1459 2529 1629 2558 celebravit
1647 2529 1772 2565 Grego—

174 2574 259 2602 rius!
278 2573 340 2602 Iste
359 2572 455 2606 enini,
472 2579 587 2607 genere
602 2569 782 2607 AEgyptius,
802 2570 896 2605 patria
916 2569 1161 2604 Alexandrinus,
1179 2569 1263 2598 nulla
1281 2568 1447 2605 sanguinis
1469 2568 1635 2597 nobilitate
1652 2568 1767 2601 clarus,

174 2612 245 2642 licet
262 2614 405 2649 parentes
423 2610 567 2640 habuerit
581 2630 589 2644 ,
607 2617 669 2639 non
688 2608 789 2637 solum
805 2608 1012 2645 Christianos,
1033 2608 1086 2638 sed
1108 2610 1219 2642 ctiam,
1235 2608 1260 2637 si
1285 2608 1419 2636 scelesto
1445 2606 1509 2636 silio
1533 2607 1608 2636 tides
1630 2606 1771 2636 addenda

208 2695 261 2725 (⁴57)
275 2693 300 2718 ln
314 2693 442 2718 oralionIs
454 2695 619 2725 argumento.
1038 2689 1092 2723 (70)
1113 2689 1184 2715 Nova
1200 2689 1297 2714 Alban.
1312 2688 1365 2719 cd.,
1385 2686 1490 2712 admon.
1505 2687 1530 2712 in
1552 2686 1634 2719 Epist.
1650 2688 1682 2712 ai!
1701 2689 1771 2715 iudx.

208 2730 261 2757 ‹tia›
282 2729 369 2752 (Ῑανηι.
386 2728 416 2752 de
436 2727 485 2752 rita
501 2734 558 2757 sna,
575 2733 643 2750 vers.
660 2724 721 2750 5165).
1002 2725 1077 2757 phet..
1096 2729 1158 2750 loni.
1174 2725 1192 2754 l,
1210 2732 1235 2750 n.
1250 2726 1276 2753 ⁹2,
1294 2731 1318 2756 p.
1333 2723 1393 2747 917.

208 2765 271 2796 (ΙΝ)
286 2763 342 2787 Art.
359 2770 412 2793 rix,
430 2769 453 2792 p.
469 2761 518 2786 4223
532 2760 634 2786 01712.
1039 2760 1091 2791 (71)
1107 2759 1155 2787 ld..
1174 2759 1248 2787 iiiia„
1265 2766 1289 2789 p.
1308 2759 1369 2784 9:³0.

208 2798 262 2830 (09)
280 2797 395 2823 Menum.
414 2796 484 2822 [cccl.
508 2795 603 2826 Crisa,
618 2800 635 2821 t.
654 2794 684 2827 ΙΙ,
706 2794 731 2820 in
748 2799 813 2823 not„
842 2801 866 2827 p.
885 2794 945 2819 Gli).
1039 2794 1102 2827 [71]
1120 2794 1185 2827 Opp.
1207 2798 1224 2820 t.
1243 2792 1286 2825 ΙΙΙ,
1300 2794 1377 2827 epist.
1395 2793 1456 2826 277,
1473 2801 1497 2828 p.
1514 2794 1571 2822 tal.
