1838 3046
184 72 219 98 99
678 70 860 97 mtAEFATto
880 70 1084 98 GENEttALtS.
1106 87 1139 90 —
1156 70 1246 98 PARS
1266 71 1309 98 ΙΙΙ.
1763 73 1812 101 too

186 130 218 159 iu
236 128 388 159 Trinitate
421 127 624 159 adorandam.
655 128 803 159 Calamus
823 130 923 159 Deum
941 131 1076 165 Patrem,
1098 130 1197 159 Deum
1220 130 1349 165 Filium,
1366 130 1466 160 Deum
1486 130 1638 168 Spiritum
1656 135 1813 169 sanctum,

187 184 250 210 tres
268 180 489 218 proprietates,
508 187 603 209 unam
625 179 840 215 divinitatem,
856 189 913 210 nec
923 179 1035 217 gloria,
1053 188 1112 210 nec
1129 180 1262 217 honore,
1293 189 1351 211 nec
1371 180 1523 218 essentia,
1542 190 1600 211 nec
1615 189 1714 219 regno
1731 181 1815 212 divi-

186 242 252 262 sam
272 232 325 271 (α).
338 244 352 260 »

227 283 305 312 Tres
326 290 399 311 vero
413 290 566 318 personne,
593 281 667 312 licet
686 282 788 320 reipsa
807 282 978 317 distinctae,
994 281 1037 312 ita
1062 285 1137 312 sunt
1152 282 1215 313 sibi
1236 283 1374 313 invicem
1395 282 1594 313 colioerentes
1612 288 1645 313 ut
1661 284 1811 322 quisquis

185 332 236 362 vel
255 340 349 360 unam
363 332 554 362 exscindere
574 334 753 370 tentaverit,
769 338 833 364 tres
852 334 948 364 simul
966 343 1001 364 ac
1017 337 1113 364 totam
1131 344 1262 373 prorsus
1280 336 1429 365 deitatem
1447 336 1635 372 sustulerim
1652 337 1811 375 siquidem

188 391 248 412 una
266 381 335 411 sine
353 381 450 411 altera
478 391 549 412 esse
567 392 730 422 nunqnam
749 387 852 421 potest
869 383 923 422 (b).
954 393 969 410 σ
982 383 1013 413 Si
1029 382 1091 413 fuit
1107 387 1243 422 tempus,
1274 393 1345 414 cum
1365 392 1426 413 non
1449 392 1533 417 esset
1549 388 1650 424 Pater,
1663 388 1722 418 fuit
1736 398 1816 427 quo-

186 442 261 471 que,
279 441 348 462 cum
367 440 429 462 non
453 437 536 462 esset
556 434 667 465 Filius.
687 436 715 464 Si
733 435 948 472 1'nittempuS‚
965 442 1037 464 curn
1056 443 1119 464 non
1144 440 1229 466 esset
1246 436 1358 472 Filius,
1371 437 1430 466 fuit
1448 447 1589 478 qnoque,
1603 448 1673 469 cum
1691 448 1730 469 ne
1746 440 1815 479 Spi-

186 485 266 515 ritus
283 485 411 524 quidem
437 489 534 516 esset.
556 485 586 514 Si
611 493 710 515 unum
732 483 809 513 illud
829 493 845 514 a
874 483 1032 521 principio
1049 488 1126 520 erat,
1144 485 1254 523 utiquc
1271 489 1300 515 et
1319 486 1386 515 tria.
1409 487 1439 515 Si
1459 496 1555 516 unum
1573 488 1695 525 dejicis,
1713 489 1814 518 audax

186 538 246 568 hoc
263 537 378 573 dicam,
397 546 435 566 ne
447 538 511 567 duo
528 538 661 576 quidem
679 536 847 574 superiore
870 535 940 565 loco
956 535 1105 565 colloces.
1124 535 1202 571 Quae
1218 537 1303 566 enim
1320 536 1511 574 imperfectae
1523 536 1651 566 deitatis
1671 537 1814 567 utilitas?

184 590 252 620 lmo
277 599 348 629 quae
365 589 479 626 deitas,
500 590 525 619 si
554 589 764 627 imper-fecta?
797 587 938 618 Perfecta
980 592 1085 618 autem
1114 589 1276 626 quomodo
1302 590 1371 625 erit,
1399 590 1508 628 inqua
1530 590 1566 620 ad
1585 589 1812 628 perfectionem

184 641 307 680 aliquid
322 640 548 671 desideretur?
577 641 784 671 Desidet-atur
798 640 896 674 enim.
923 640 950 670 si
975 641 1142 671 sanctitate
1165 646 1280 671 careat.
1300 642 1388 672 Hanc
1409 649 1500 680 porro
1517 640 1679 678 quomodo
1698 640 1814 671 habere

184 691 340 730 queat,ni
358 690 510 729 Spiritum
530 690 664 719 liabent?
699 688 727 717 Si
747 688 833 717 enim
853 687 916 717 alia
946 688 1088 726 quaedam
1108 692 1220 726 praeter
1235 689 1324 718 illum
1342 690 1491 719 sanctitas
1508 694 1568 724 est,
1599 697 1671 727 quae
1689 689 1813 719 tandem

183 741 237 771 illa
256 741 464 778 intelligenda
484 740 537 775 sit,
570 739 652 769 dicat
681 737 842 776 quispiam
865 746 872 765 :
891 739 955 773 aut,
973 737 999 766 si
1029 737 1160 776 quiden)
1179 739 1290 768 eadem
1320 738 1384 768 brec
1400 743 1460 774 est,
1478 739 1555 778 qnid
1572 739 1676 769 atferri
1699 743 1813 775 potest,

184 795 391 834 quamobrem
410 802 472 824 non
500 793 561 831 jam
589 792 663 821 inde
680 800 695 820 a
724 789 881 829 principio
901 789 1020 819 fuerit?
1051 790 1149 825 Quasi
1168 799 1241 821 vero
1260 792 1442 830 praestiterit
1468 792 1547 827 Deo,
1566 791 1739 830 aliquando
1757 792 1816 822 im·

183 846 359 885 perfectum
377 844 552 878 exstitisse,
569 852 604 873 ac
627 841 765 880 Spiritus
785 845 965 879 expertem.
981 853 995 869 ι)

223 896 303 932 Quis
320 899 424 925 autem
440 893 616 931 pergrande
636 892 824 930 mysterium
841 892 943 922 valeat
965 892 1013 922 vel
1032 892 1143 923 saltem
1162 894 1334 924 subolere?
1361 894 1459 924 Nobis
1474 903 1600 933 semper
1618 893 1813 924 inaccessum

183 948 312 982 fuisset,
328 947 389 977 nisi
405 947 576 985 Scriptura}
598 944 776 974 divinitatis
794 943 959 974 thesauros
979 945 1166 974 mortalibus
1181 946 1422 984 expandissent.
1443 946 1483 975 At
1502 945 1652 975 Ecclesia)
1668 946 1815 976 doctores

186 1003 302 1030 tantan]
327 999 538 1036 majestatem,
555 997 660 1035 captui
678 996 820 1026 humano
839 995 937 1025 nimis
959 996 1191 1034 praecellentem
1208 1000 1237 1026 et
1264 997 1355 1036 cujus
1372 997 1494 1035 fulgore
1519 1005 1610 1026 mens
1627 997 1814 1035 perstringi-

187 1057 248 1088 tur,
267 1051 363 1082 variis
388 1048 683 1088 comparationibus
701 1047 864 1077 delineare
885 1052 914 1077 et
934 1048 1125 1078 adumbrare
1141 1049 1281 1087 aggressi
1302 1053 1389 1084 sunt,
1422 1053 1456 1079 ut
1489 1050 1537 1079 vel
1570 1049 1616 1078 sic
1643 1050 1811 1088 quamdam

183 1104 351 1135 Trinitatis
378 1102 544 1133 notionem
575 1097 668 1128 nobis
697 1096 952 1135 suppeditarent.
987 1097 1055 1127 Hoc-
1087 1098 1262 1136 Gregorius
1283 1098 1473 1137 exsequitur
1491 1099 1566 1127 dum
1596 1098 1759 1127 nominem
1776 1098 1812 1127 ad

186 1164 220 1185 se
245 1154 350 1192 ipsum
374 1153 518 1186 advocat,
546 1155 577 1181 et
596 1152 627 1180 in
648 1151 764 1179 intimo
779 1150 892 1179 animae
908 1150 1101 1187 impressam
1130 1150 1275 1188 mysterii
1292 1150 1462 1188 imaginem
1484 1149 1520 1179 ad
1536 1149 1814 1187 contemplandum

183 1204 294 1235 allicit.
314 1204 405 1233 Mens
420 1200 597 1241 siquidem,
617 1208 723 1230 sermo
740 1203 770 1229 et
786 1199 919 1238 spiritus
933 1200 963 1228 in
982 1209 1043 1229 una
1064 1200 1207 1238 ejusdem
1223 1199 1360 1229 bominis
1379 1203 1500 1234 natura,
1531 1199 1603 1228 licet
1625 1198 1814 1228 abinvicem

183 1259 401 1288 secernantur,
431 1261 493 1282 non
512 1257 616 1282 tamen
647 1254 710 1280 tres
729 1251 896 1285 essentias,
915 1250 969 1279 sed
990 1259 1085 1279 unam
1109 1258 1243 1279 numero
1259 1249 1466 1279 substantiam
1482 1249 1693 1279 constituunt.
1726 1260 1739 1275 «
1753 1249 1816 1279 Nos

183 1309 300 1340 autem,
316 1316 329 1331 »
348 1307 379 1333 ut
397 1303 539 1342 loquitur
554 1303 682 1330 sanctus
701 1299 812 1330 doctor
831 1300 903 1338 (c),«
925 1308 1018 1329 unam
1045 1304 1075 1329 et
1092 1300 1233 1330 eamdem
1251 1299 1377 1329 deitatis
1394 1302 1535 1328 naturam
1554 1304 1730 1335 teneamus,
1746 1307 1817 1337 quae

183 1365 220 1386 ex
240 1354 388 1394 principii
417 1358 559 1391 experte,
590 1356 619 1382 et
634 1352 852 1390 generatione,
882 1355 912 1381 et
927 1353 1135 1390 processione
1153 1351 1358 1390 agnose-itum
1378 1352 1648 1390 quemadmodum
1682 1351 1711 1380 id
1729 1350 1817 1389 quot.

183 1398 391 1442 nobis'inest,
408 1411 526 1440 mente,
541 1413 701 1440 sermone,
721 1413 756 1434 ac
768 1403 882 1442 spiritu
899 1403 1093 1442 intelligitur
1114 1403 1170 1443 (d).
1189 1415 1202 1430 »

222 1457 329 1487 Multae
345 1455 504 1486 suntaliae
531 1454 800 1493 comparationes,
821 1462 958 1493 quarum
991 1462 1052 1492 ope
1080 1454 1242 1483 infirmum
1276 1454 1418 1484 animum
1444 1453 1613 1483 sublevare
1643 1452 1816 1491 scriptores

182 1511 283 1541 nostri
306 1508 412 1540 conati
432 1512 507 1538 sunt
528 1518 535 1537 z
554 1507 610 1537 sed
628 1515 723 1546 quam
742 1514 851 1544 parum
866 1506 904 1535 ad
924 1505 968 1535 rei
987 1505 1156 1535 veritatem
1173 1505 1340 1541 accedunt,
1359 1509 1392 1535 ut
1408 1505 1581 1544 Gregorius
1604 1509 1736 1535 testatur
1752 1505 1787 1543 (e)
1807 1505 1814 1535 i

183 1573 197 1589 ιι
215 1561 295 1591 Cum
321 1560 438 1590 mentis
467 1557 652 1588 curiositate
679 1556 815 1586 multum
842 1557 966 1594 diuque
1000 1564 1125 1585 mecum
1149 1555 1416 1592 considerassem,
1449 1556 1492 1586 rei
1526 1560 1617 1585 tantm
1644 1555 1815 1593 imaginem

182 1610 354 1651 quamdam
372 1608 558 1648 exquirens,
580 1607 630 1636 cui
663 1606 790 1636 tandem
816 1613 923 1635 rerum
950 1604 1126 1635 inferarum
1159 1606 1265 1635 divina
1299 1606 1351 1635 illa
1378 1610 1488 1637 natura
1521 1609 1732 1646 comparanda
1762 1609 1815 1643 sit,

181 1661 323 1701 reperire
342 1669 406 1690 non
427 1659 528 1698 potui.
553 1657 706 1693 Quamvis
725 1657 811 1687 enim
848 1656 998 1694 exiguam
1018 1656 1157 1695 aliquam
1175 1656 1422 1688 similitudinem
1443 1660 1634 1696 invenerim,
1656 1662 1755 1699 major
1772 1666 1816 1690 ta-

181 1723 255 1745 men
271 1722 321 1744 me
339 1722 409 1752 pars
425 1711 519 1749 fugit,
539 1710 694 1748 humique
714 1709 884 1748 relinquit.
904 1720 917 1735 ιι
944 1709 1128 1738 Cavendum
1157 1710 1264 1748 itaque
1288 1718 1328 1739 ne
1356 1712 1491 1741 terrenis
1515 1711 1653 1741 coelestia
1681 1711 1814 1740 metien-

180 1765 234 1801 do,
254 1764 439 1802 (lignitatem
469 1763 611 1800 mysterii
631 1763 868 1800 deprimamus;
893 1761 1032 1799 ideoque
1050 1769 1088 1790 ex
1104 1761 1242 1799 singulis
1256 1761 1524 1792 similitudinibus
1539 1772 1636 1801 apage
1655 1761 1814 1801 quidquid

182 1818 228 1848 vel
246 1817 340 1847 nimis
358 1816 529 1854 abjectum,
548 1815 593 1845 vel
616 1815 722 1853 dispar
741 1823 873 1853 prorsus
890 1814 986 1843 fuerit
1004 1813 1043 1852 (s)
1067 1824 1074 1843 :
1097 1824 1111 1841 ιι
1131 1814 1165 1843 ln
1185 1823 1310 1843 summa
1331 1814 1409 1844 nibil
1428 1818 1477 1844 est
1497 1814 1529 1843 in
1547 1822 1611 1852 quo
1638 1822 1727 1842 mens
1746 1821 1815 1841 inea

180 1869 310 1907 gradum
328 1868 422 1905 figere
439 1871 546 1905 queat,
564 1866 652 1901 dum,
670 1868 755 1904 quod
785 1865 956 1902 imaginor,
979 1865 1010 1894 in
1038 1864 1195 1902 exemplis
1213 1864 1398 1898 considero;
1426 1865 1457 1894 ni
1487 1863 1567 1894 forte
1588 1863 1746 1902 quispiam
1778 1870 1813 1891 ea

179 1921 275 1952 animi
290 1921 439 1958 {equitate
460 1919 511 1953 sit,
531 1922 575 1953 ul,
588 1926 659 1948 cun]
682 1927 778 1947 unum
795 1917 918 1956 aliquid
935 1926 973 1947 ex
990 1917 1150 1955 proposita
1170 1916 1488 1954 imagineaceeperit‚
1504 1915 1623 1953 reliqua
1638 1913 1812 1951 projiciat.»

219 1971 370 2001 Tritliene
387 1970 507 2000 crimen
522 1971 606 2007 quod
627 1968 657 1997 in
682 1968 872 2006 Gregorium
906 1967 1116 2005 increpabant
1133 1966 1244 1995 Ariani
1260 1967 1300 1996 ita
1318 1966 1425 2000 diluit,
1455 1968 1487 1994 ut
1509 1965 1624 1994 mirum
1645 1963 1684 1991 sit
1713 1962 1813 1991 fuisse

179 2022 328 2066 deinceps
345 2021 399 2059 qui
427 2029 521 2049 unam
544 2019 754 2049 substantiam
774 2019 881 2057 specie
909 2023 1001 2048 tenus
1019 2018 1187 2048 admisisse
1205 2018 1309 2055 ipsum
1337 2018 1520 2047 incusarent
1548 2018 1600 2055 (q).
1624 2028 1636 2042 α
1655 2016 1684 2045 Si
1714 2016 1811 2047 Deus,

179 2079 209 2104 et
226 2076 323 2110 Deus,
341 2079 371 2103 et
392 2075 488 2108 Deus,
507 2084 521 2099 »
547 2073 792 2102 sciscitabantur
809 2072 931 2107 Ariani,
953 2071 1056 2111 «quid
1078 2080 1181 2100 causac
1198 2080 1269 2101 esse
1296 2074 1413 2109 potest,
1430 2069 1507 2109 quin
1526 2073 1588 2097 tres
1605 2067 1667 2096 sint
1702 2065 1749 2095 Dii
1764 2067 1777 2094 ‘2
1797 2077 1810 2092 n

179 2126 310 2156 Ad'ltaec
334 2124 508 2162 Gregorius
532 2126 600 2164 (Ιι);
623 2137 637 2153 «
655 2126 753 2155 Nobis
782 2126 898 2164 inquit,
927 2127 1013 2155 Deus
1049 2133 1132 2153 unus
1158 2127 1216 2160 est,
1241 2124 1393 2163 quoniam
1419 2132 1479 2153 una
1510 2122 1627 2156 deitas;
1656 2125 1751 2158 atque
1774 2120 1811 2150 ad

180 2186 292 2210 unum,
315 2186 350 2206 ea
367 2185 438 2214 quas
461 2186 495 2206 ex
514 2185 551 2206 eo
568 2181 654 2214 sunt,
674 2177 868 2213 referuntur,
887 2178 1010 2207 etiamsi
1031 2181 1094 2207 tres
1118 2185 1270 2215 personas
1295 2176 1467 2207 credImus.
1496 2174 1607 2212 Neque
1637 2172 1721 2201 enim
1753 2171 1812 2200 lioc

180 2230 291 2267 magis,
310 2228 386 2258 illud
406 2229 511 2258 minus
530 2233 576 2258 est
601 2230 706 2262 Dens3
737 2236 795 2258 nec
826 2228 884 2257 lioc
908 2229 1010 2266 prius,
1027 2227 1105 2258 illud
1125 2227 1295 2265 posterius.
1328 2227 1392 2256 Nec
1420 2226 1584 2256 voluntate
1606 2222 1809 2255 scinduntur,

179 2287 232 2313 aut
250 2283 391 2322 potentia
407 2282 605 2316 dividuntur,
624 2285 677 2310 aut
708 2281 850 2318 denique
872 2281 1050 2319 quidquam
1076 2289 1200 2313 eorum,
1219 2288 1291 2317 quae
1320 2278 1464 2308 dividuis
1484 2277 1579 2307 rebus
1606 2275 1809 2311 contingunt,

179 2334 230 2363 liic
249 2341 376 2371 quoque
405 2333 576 2369 reperitur.
596 2342 609 2357 ι»
634 2331 670 2359 Et
688 2338 751 2368 quo
787 2338 891 2359 veram
913 2330 1116 2367 ct·integrain
1135 2329 1166 2358 in
1197 2328 1313 2358 deitate
1349 2328 1502 2357 unitatem
1526 2329 1658 2362 asserat,
1676 2334 1739 2355 non
1767 2326 1810 2354 si-

181 2386 328 2416 mulatam
347 2388 399 2414 aut
416 2383 645 2422 imperfectam,
669 2384 708 2412 ab
730 2383 785 2412 bac
805 2383 927 2412 unitate
955 2391 1103 2412 amovere
1120 2382 1236 2419 satagit
1253 2381 1411 2419 quidquid
1430 2379 1483 2413 vel,
1497 2379 1528 2408 in
1546 2379 1743 2415 ccelestibus,
1760 2379 1806 2409 vel

179 2438 211 2468 in
228 2437 389 2471 humanis,
408 2436 488 2465 male
506 2435 565 2473 ipsi
584 2443 751 2472 exaequare
767 2434 1000 2464 contenderent
1024 2433 1069 2472 (i).
1099 2444 1113 2460 «
1134 2434 1218 2468 Quid
1239 2437 1356 2466 autem,
1375 2431 1513 2461 dixerint
1536 2431 1681 2464 fortasse,
1702 2439 1807 2460 nonne

178 2489 261 2527 apud
284 2487 427 2518 etbnicos
444 2495 574 2525 quoque
594 2486 695 2516 deitas
715 2494 777 2515 una
798 2489 857 2520 cst.
878 2490 910 2515 ut
937 2486 1053 2516 docent
1073 2485 1127 2524 qni
1156 2485 1283 2522 plenius
1300 2485 1381 2520 apud
1401 2484 1473 2513 illos
1487 2482 1724 2521 perfectiusque
1738 2480 1806 2518 phi-

181 2540 399 2579 losophantur,
418 2543 512 2577 atque
529 2535 612 2574 apud
639 2544 696 2565 nos
719 2544 820 2573 genus
852 2536 1054 2570 universum,
1082 2535 1265 2564 humanitas
1296 2535 1379 2564 una?
1403 2533 1566 2562 {staunton
1596 2531 1702 2570 plures
1732 2534 1806 2561 sunt.

178 2593 234 2628 dii,
254 2597 282 2622 et
301 2601 365 2622 non
390 2600 485 2626 unus,
504 2590 586 2619 sicut
602 2588 695 2619 etiam
719 2586 809 2617 multi
839 2586 999 2617 homines.
1027 2587 1066 2616 At
1084 2586 1149 2616 illic
1174 2586 1388 2616 communitas
1420 2585 1572 2615 unitatem
1602 2584 1707 2620 habet,
1735 2592 1807 2623 quea

214 2676 251 2709 (ιι)
272 2674 317 2701 Or.
333 2675 362 2701 31
377 2697 383 2707 ,
399 2684 424 2701 ιι.
438 2674 482 2700 28.
1055 2668 1088 2703 (sl
1110 2669 1187 2699 lliid..
1206 2678 1230 2695 n.
1249 2670 1293 2695 35.

213 2713 249 2743 (b)
265 2711 341 2741 tbi-t..
360 2719 385 2736 n.
401 2712 426 2736 Α.
1056 2708 1090 2736 (a)
1112 2705 1216 2736 01:5¹,
1234 2715 1258 2731 n.
1279 2706 1318 2732 13.

214 2747 248 2779 (c)
267 2747 313 2771 Or.
327 2746 371 2775 23,
390 2755 415 2771 ιι.
434 2745 443 2770 l
468 2765 474 2770 .
1052 2740 1089 2777 (lt)
1112 2739 1142 2764 N.
1164 2740 1204 2766 112.

212 2782 249 2814 (d)
276 2781 318 2811 Ὠς
330 2781 366 2813 νῷ
383 2781 420 2813 ’.ᾧ
439 2782 465 2805 ἐν
483 2781 559 2814 ἡμῖν,
581 2779 625 2804 καὶ
639 2777 709 2810 >simp
727 2776 772 2801 καὶ
791 2773 934 2808 maugina.
1054 2778 1084 2808 (ι)
1106 2774 1135 2800 Ν.
1156 2775 1195 2800 tii.

212 2818 246 2851 (e)
267 2816 374 2849 01231,
396 2825 421 2842 ιι.
436 2816 477 2840 51.
