1838 3046
222 99 269 124 193
864 95 941 121 ttTA
964 96 991 121 S.
1013 94 1183 122 GREGOtttt.

1776 100 1825 128 196

219 155 385 188 disponenda
406 154 500 180 harum
525 162 612 181 rerum
640 155 726 185 serie.
745 163 935 188 nonnunquam
953 155 999 181 ab·
1014 157 1038 183 Α
1052 153 1142 179 ΚΕΗ.
1168 154 1278 186 operam
1298 164 1372 180 suam
1388 156 1460 187 offert
1481 156 1580 182 Basilio
1600 157 1722 183 adversus
1738 157 1827 185 Amm-

218 208 321 226 et-rare.
338 199 375 225 Ne
387 199 573 226 Tillemontius
589 200 709 234 quidem,
725 207 778 233 quo
792 208 843 225 non
863 200 929 225 alter
941 206 1001 225 can-

219 245 272 270 tior
294 252 324 269 ac
349 244 512 277 diligentior,
535 245 567 269 ab
591 244 662 270 enini
688 252 780 270 errore
803 244 929 269 immunis
950 248 999 270 est.

221 289 307 316 Locus
328 290 436 323 quidam
455 290 574 323 Gregorii
591 290 675 316 nostri
698 291 788 315 minus
806 295 876 316 recte
897 289 1000 315 intelle-

220 336 319 362 clusin
341 336 472 361 maximas
492 336 629 369 angustias
645 336 730 361 virum
755 336 859 361 doctum
878 335 1001 368 coniecit.

223 379 366 413 Postquam
385 380 530 412 Gregorius
547 380 637 405 retulit
653 379 796 405 Valentem
810 379 902 405 Basilii
918 380 1003 406 admi-

220 425 324 451 ratione
339 425 488 458 perculsum
501 445 507 456 ‚
523 425 640 451 vetuisse
657 432 690 450 ne
706 425 746 450 vis
762 425 785 450 ci
804 425 959 458 inferretur,
977 431 1004 452 et

224 471 287 495 dunt
304 470 372 496 dona
386 470 494 496 offerret
508 470 603 495 mirum
619 470 643 495 in
659 469 765 495 modum
781 470 919 503 titubasse,
933 479 1004 497 cunt-

220 523 271 549 que
287 524 379 541 rtttsus
396 516 421 542 in
438 516 578 541 ecclesiam
595 515 729 547 venisset,
747 516 816 542 intra
836 517 921 543 velum
937 518 1004 544 divi·-

221 569 268 588 nas
283 561 374 587 Basilii
388 569 467 587 voces
483 561 633 591 audivisse3
646 567 797 594 postquam,
814 562 934 595 inquam,
947 563 1004 590 ltaec

222 611 342 632 narravit
354 606 512 639 Gregorius,
525 607 563 631 sic
580 606 751 638 prosequitur
767 606 803 640 (a)
822 615 827 631 z
844 608 916 642 Αὐτὴ
931 608 1003 641 γίνε-

220 661 264 678 ται
277 654 324 686 τῆς
337 651 381 676 τοῦ
395 651 525 685 βασιλέως
539 651 601 685 περὶ
614 652 688 685 ἡμᾶς
705 651 907 687 φίλανθρωττίας
923 654 1003 688 ἀρχὴ,

220 699 266 723 καὶ
282 698 447 727 κατάστασις
472 697 585 731 πρώτη,
606 697 683 722 τοῦτο
700 698 730 723 τὸ
757 698 852 733 λῆμμκ
877 699 927 733 τῆς
947 700 1005 725 τότε

219 742 374 776 διοχλῡύςης
399 743 528 777 ἐπηρείας
549 742 579 767 τὸ
600 742 737 775 πλεῖσται,
760 743 853 778 ὤτπερ
871 753 894 769 τι
919 745 1006 780 ῥεῦμα,

219 788 341 815 διέλυσεν
356 798 362 814 ;
382 798 390 813 t
408 788 462 814 lloc
477 788 582 814 exstitit
604 788 782 819 imperatoriae
803 797 866 824 erga
889 798 937 817 nos
954 791 1004 817 ltu-

223 834 359 859 manitatis
376 838 402 859 et
422 833 572 859 clementiae
588 833 765 866 principiutn;
785 834 841 860 lunc
860 835 943 868 prima
961 843 1003 862 re-
1022 827 1040 852 Β

222 887 278 904 rum
302 879 424 909 sedatio,
452 879 506 904 ltatc
529 879 636 904 occasio
654 880 799 905 maximam
816 881 1004 914 impressionis

220 925 308 956 illius,
325 932 376 958 qua
394 929 449 950 tum
474 925 654 955 vexabantur,
671 931 773 958 partem
787 946 793 958 ,
807 934 859 952 non
877 934 954 953 secus
973 936 1004 954 ac

219 970 316 995 linctus
333 969 462 1002 quosdam
481 989 487 999 ‚
508 969 586 1003 fregit
607 978 639 996 ac
654 969 784 997 dissolvit.
804 981 814 996 ›
838 971 899 998 llaec
915 973 946 998 ad
961 981 1003 999 se-

219 1016 335 1041 cundum
353 1014 472 1041 Valentis
488 1015 513 1041 in
532 1016 674 1042 ecclesiam
689 1017 838 1050 ingressum
854 1019 935 1044 refert
947 1019 1000 1044 'sil-

219 1060 374 1091 lemontius,
391 1060 506 1093 indeque
519 1061 622 1094 colligit
633 1061 762 1088 Basiliam
777 1070 807 1088 ac
819 1071 913 1089 omnes
923 1064 1003 1089 etiam

219 1105 392 1138 Cappadociae
420 1105 554 1132 Ecclesias
578 1106 681 1140 reliquo
698 1108 816 1134 Valentis
836 1108 1005 1142 imperatoris

220 1157 357 1184 tempore,
382 1151 422 1177 rel
447 1152 541 1177 saltem
564 1152 605 1178 diu
632 1154 698 1180 satis
721 1159 779 1187 post
803 1154 922 1181 Valentis
944 1163 1003 1181 cum

220 1195 317 1222 Basilio
341 1196 523 1230 colloquium,
542 1205 633 1230 pacem
658 1199 812 1226 retinuisse.
833 1199 928 1226 Verum
952 1209 1003 1234 pax

220 1242 264 1267 illa
284 1249 454 1275 nequaqnam
469 1243 606 1269 conciliari
624 1249 711 1277 potest
723 1252 783 1271 eum
802 1246 1002 1279 persecutione,

221 1296 301 1320 quam
320 1294 379 1321 post
402 1289 549 1315 secundum
568 1289 685 1316 Valentis
700 1290 725 1316 in
740 1291 881 1317 ecclesiam
901 1293 1004 1327 ingres·

220 1343 278 1360 snm
297 1340 470 1360 consecutam
490 1343 549 1361 esse
565 1341 659 1364 auctor
676 1341 718 1363 est
735 1337 890 1371 Gregorius.
910 1338 1004 1373 Conje-

219 1381 302 1405 cturis
319 1379 507 1406 Tillemontius
527 1381 595 1407 lianc
616 1380 798 1408 difficultatem
819 1383 921 1410 solvere
942 1384 1004 1410 niti-

220 1431 273 1451 tur.
292 1425 344 1452 Sed
358 1425 421 1459 quid
437 1425 600 1458 conjecturis
622 1434 688 1460 opus
704 1432 762 1458 est,
779 1436 839 1454 cum
857 1436 898 1455 res
914 1437 962 1463 per
976 1437 1004 1456 se

219 1470 297 1503 plana
313 1470 345 1496 sit
364 1475 390 1496 et
404 1471 527 1503 expedita
537 1471 548 1489 ’ἲ
575 1470 635 1497 ll.ee
659 1472 729 1497 enim
753 1473 834 1498 verba
857 1473 1002 1508 Gregorii:

1318 198 1386 215 utum
1404 190 1572 224 Tyaneusem.

1088 245 1135 270 llic
1148 245 1226 271 etiam
1244 247 1329 279 legere
1347 245 1436 271 licebit
1453 247 1557 280 egregie
1573 252 1685 273 tractata
1700 248 1725 273 in
1739 248 1826 282 capite

1052 291 1097 322 25,
1119 299 1282 325 quaecunque
1306 297 1426 326 spectant
1444 297 1513 322 orta,
1534 299 1592 326 post
1605 292 1722 320 Valentis
1733 294 1829 320 disces-

1053 344 1122 368 sum,
1140 336 1209 363 inter
1224 337 1481 364 sanctuarssusitiuni
1497 343 1523 364 et
1535 337 1691 364 Antltintum
1712 338 1831 373 Tyaneu-

1053 388 1108 407 scm
1125 381 1278 415 episcopum
1295 382 1424 414 dissidia,
1448 390 1480 408 ex
1505 382 1637 409 divisione
1659 383 1831 416 Cappadocia}

1054 426 1162 453 induas
1185 428 1354 460 provincias;
1379 433 1406 454 et
1432 435 1491 460 quae
1516 428 1597 462 gessit
1621 428 1782 462 Gregorius,
1804 433 1831 455 ut

1054 472 1131 498 amici
1148 476 1241 506 partes
1257 477 1386 508 tueretur,
1399 477 1423 498 et
1437 472 1496 506 jura
1508 473 1662 499 defenderet
1674 478 1764 499 contra
1779 473 1832 499 An-

1056 517 1178 544 tliimutn.
1198 517 1246 544 Ubi
1264 518 1377 551 primum
1395 518 1540 551 Gregorius
1559 518 1644 544 audiit
1660 518 1756 545 Basilio
1780 526 1833 546 nto-

1055 562 1146 589 lestias
1164 563 1295 593 exbiberi,
1312 571 1386 589 suam
1400 563 1424 590 ei
1437 568 1531 597 sponte
1546 571 1654 597 operam
1668 564 1764 591 obtulit
1776 564 1812 600 (b)
1823 584 1831 597 .

1055 617 1136 642 seque
1158 609 1307 635 Caesaream
1330 608 1464 643 pollicitus
1488 613 1527 635 est
1551 615 1710 640 venturum,
1734 613 1789 635 tum
1805 614 1833 636 ut

1057 662 1116 680 eum
1144 653 1256 680 consilio
1274 653 1401 687 juvaret,
1419 658 1473 680 tum
1493 658 1520 679 ut
1538 653 1712 680 contumelias
1725 661 1784 680 cum
1801 661 1832 681 eo

1057 699 1213 732 partiretur,
1227 699 1349 732 quamvis
1369 707 1417 732 pro
1432 705 1506 726 certo
1525 699 1637 726 haberet
1651 699 1777 726 Basiliutn
1791 700 1833 727 ni-

1058 745 1091 770 liil
1104 752 1214 779 prorsus
1229 745 1363 771 facturum
1376 745 1445 778 quod
1457 745 1623 779 philosophia
1637 745 1672 772 sit
1684 745 1831 779 indignum.

1057 792 1119 822 Qua:
1132 791 1209 816 vet-bu
1225 790 1291 816 satis
1303 790 1572 823 indicantepistolam
1591 790 1627 817 al.
1649 790 1693 822 ΞΒ,
1707 791 1834 825 scriptam

1058 836 1139 861 fnisse
1154 835 1230 869 liujus
1247 835 1420 862 dissensionis
1436 843 1527 866 causa,
1545 835 1571 862 in
1588 843 1640 869 qua
1659 844 1711 863 non
1731 837 1764 863 de
1782 837 1834 865 fide

1058 887 1103 907 aut
1119 882 1239 907 doctrina
1254 880 1394 915 agebatur,
1409 881 1454 907 sed
1470 881 1503 907 de
1515 881 1601 908 reditu
1615 886 1642 908 et
1657 882 1728 908 sedis
1742 883 1836 917 atnpli-

1059 927 1158 953 tudine.
1188 926 1351 953 Divisiouem
1377 927 1482 954 civilem
1506 927 1696 962 Cappadociae,
1715 936 1773 963 quae
1788 930 1836 957 sub

1059 971 1163 997 initium
1184 972 1279 998 hiemis
1296 973 1358 998 anni
1375 971 1427 998 572
1449 971 1571 999 instituta
1594 973 1660 1004 suit,
1676 981 1729 1000 non
1747 975 1836 1002 statim

1058 1023 1147 1043 secuta
1162 1023 1203 1044 est
1220 1018 1408 1044 ecclesiasticae
1427 1018 1572 1051 provinciae
1585 1019 1680 1045 divisio
1691 1041 1697 1052 ,
1715 1028 1774 1054 quae
1785 1028 1837 1048 non

1059 1063 1107 1089 nisi
1123 1069 1181 1096 post
1194 1063 1310 1090 Valentis
1324 1064 1482 1095 discessum,
1495 1064 1567 1091 eirca
1579 1072 1696 1092 mensem
1708 1065 1833 1093 Martium

1060 1109 1136 1141 liujus
1153 1110 1227 1139 armi,
1241 1109 1345 1135 videtur
1356 1109 1510 1143 contigisse.
1528 1109 1594 1135 Tum
1606 1117 1670 1137 vero
1684 1111 1837 1145 Andrimus,

1058 1155 1226 1188 'l'yaucnsem
1250 1155 1404 1187 civitatem,
1431 1163 1489 1189 quat
1514 1155 1637 1182 secunde
1664 1157 1838 1190 Cappadocia:

1058 1199 1212 1232 metropolis
1228 1200 1297 1226 sacta
1316 1200 1413 1231 suerat,
1432 1200 1523 1227 eodem
1538 1199 1598 1233 jure
1615 1201 1642 1227 in
1657 1201 1736 1228 rebus
1750 1202 1837 1228 eccle-

1057 1245 1172 1272 siasticis
1193 1253 1252 1272 esse
1279 1245 1377 1272 debere
1401 1246 1555 1277 contendit,
1576 1253 1675 1280 easque
1696 1248 1838 1281 paroecias,

1057 1299 1116 1325 quse
1131 1298 1206 1317 novae
1219 1290 1363 1323 provinciae
1375 1298 1460 1325 nuper
1474 1290 1606 1325 adjuncta:
1618 1291 1735 1323 fuerant,
1748 1292 1838 1326 utiam

1058 1338 1107 1364 sibi
1133 1339 1276 1364 attinentes
1300 1341 1327 1363 et
1347 1344 1360 1363 a
1378 1337 1475 1364 Basilio
1495 1337 1656 1369 distractas,
1673 1338 1838 1368 vindicavit.

1058 1388 1149 1408 contra
1163 1382 1280 1408 Basilius
1295 1382 1378 1408 veteri
1392 1382 1578 1409 consuetudini
1592 1402 1599 1414 ,
1617 1387 1696 1416 atque
1717 1384 1778 1410 hnic
1801 1385 1838 1411 di-

1059 1428 1165 1458 visioni,
1180 1435 1237 1461 quae
1248 1427 1310 1454 olim
1322 1435 1336 1453 a
1351 1427 1476 1454 Patribus
1491 1427 1560 1454 sacta
1575 1427 1671 1458 luerat,
1682 1429 1838 1456 inliaerebat.

1058 1470 1150 1496 Partes
1167 1470 1286 1496 Antliiuti
1311 1471 1493 1504 sequebantur
1519 1470 1640 1504 plerique
1665 1471 1838 1505 Cappadocia:

222 1524 231 1539 ι
248 1514 304 1541 Hoc
317 1515 367 1541 suit
379 1517 551 1550 imperatoris
563 1524 626 1550 erga
639 1525 685 1543 nos
699 1518 872 1544 humanitatis
886 1519 1002 1551 initium,
1017 1503 1038 1530 C
1055 1515 1171 1549 episcopi
1186 1525 1191 1542 z
1211 1524 1219 1539 e
1237 1515 1303 1541 'fres
1318 1515 1424 1548 quidem
1448 1520 1525 1541 erant
1544 1522 1641 1548 causae,
1665 1515 1751 1549 inquit
1776 1515 1838 1543 Gre-

219 1560 276 1586 baec
290 1561 375 1594 prima
390 1569 479 1587 rerum
497 1561 619 1593 sedatio,
637 1572 644 1586 i
667 1571 718 1589 non
736 1564 768 1589 ad
788 1563 910 1590 Valentis
934 1564 1003 1591 intra

221 1605 308 1632 velum
323 1614 383 1632 cum
397 1605 496 1633 Basilio
512 1606 674 1640 colloquiunt
689 1627 696 1639 ‚
718 1608 763 1633 sed
780 1608 810 1633 ad
828 1608 900 1634 illam
914 1609 1003 1635 Basilii

219 1650 327 1676 xirtutis
342 1650 560 1682 admirationem,
581 1659 633 1684 qua
649 1652 788 1685 perculsus
807 1652 902 1680 Valens
922 1655 1005 1680 vetnit

219 1696 243 1721 ei
262 1696 316 1721 vim
332 1695 433 1727 afferri,
448 1696 586 1722 reserenda
599 1702 679 1723 sunt:
697 1698 765 1731 quod
783 1699 890 1731 quidem
904 1708 936 1726 ex
951 1704 1003 1725 tota

221 1749 309 1768 rerum
326 1742 396 1768 serie
414 1747 497 1775 patet.
515 1742 620 1768 Etenim
635 1743 778 1777 Gregorius
798 1745 835 1769 ait
853 1744 1003 1776 Valentem,

220 1787 318 1813 auditis
331 1795 390 1820 qua:
404 1793 524 1821 gesserat
536 1787 662 1820 Basilius,
674 1789 700 1814 in
717 1794 818 1815 tautam
834 1790 905 1817 illius
922 1791 1004 1816 virtu-

223 1834 255 1859 tis
271 1833 475 1859 admirationem
494 1834 608 1865 venisse,
625 1840 653 1860 ut
668 1835 720 1860 vim
736 1836 759 1861 ei
774 1835 866 1861 inlerri
880 1837 1003 1867 vetuerit,

219 1878 298 1912 eique
316 1878 499 1904 satisfaciendi
517 1886 598 1904 causa
620 1878 645 1904 in
667 1880 809 1906 eeclesiam
823 1881 941 1913 venerit,
960 1882 1004 1908 ubi

219 1925 252 1948 ad
267 1922 353 1949 solum
371 1922 463 1949 basilii
481 1928 656 1957 conspectum
677 1925 850 1956 contremuit,
868 1933 898 1951 ae
912 1930 1003 1960 postea

220 1969 327 1995 rediens
344 1968 450 2001 longum
466 1968 571 1994 videndi
589 1967 717 1994 Basilium
736 1969 896 1996 desiderium
915 1971 1005 2005 exple-

222 2014 267 2039 oeit.
286 2013 359 2044 Quod
374 2020 437 2046 ergo
450 2012 541 2038 statim
555 2013 629 2039 addit
643 2012 798 2047 Gregorius,
813 2015 881 2041 lianc
890 2016 1003 2049 primam

224 2058 309 2084 fuisse
325 2058 493 2090 tempestatis
510 2057 687 2089 sedationem,
703 2058 798 2085 referti
815 2059 892 2085 debet
907 2060 939 2086 ad
950 2060 1004 2093 jus-

221 2111 280 2129 sum
294 2102 425 2133 Valentis,
440 2103 483 2135 qui
500 2103 612 2129 miratus
627 2111 758 2129 summam
775 2104 863 2130 Basilii
878 2110 1004 2132 constan-

220 2149 285 2175 tiam
300 2149 326 2174 in
340 2149 487 2175 certamine
509 2151 636 2175 adversus
656 2149 828 2182 pta-sectum,
846 2158 904 2183 qua:
926 2152 973 2185 ipsi
989 2160 1002 2178 a

222 2195 350 2227 praesecto
367 2200 475 2220 narrata
496 2195 592 2225 luerat,
607 2202 639 2220 tte
652 2195 691 2220 vis
702 2195 738 2220 illt
752 2196 895 2222 inferretur
906 2198 1002 2229 vetuit,

223 2245 304 2273 atquc
319 2240 343 2265 in
360 2240 501 2265 ecclesiam
515 2248 543 2265 se
557 2239 681 2266 conferre
695 2245 721 2266 ct
733 2249 792 2266 ctnn
811 2242 869 2275 ipso
886 2242 1002 2276 colloqui

221 2285 325 2310 statuit.
342 2285 474 2311 Praeterea
487 2286 555 2311 idem
569 2287 682 2318 probant
694 2286 750 2312 lnce
768 2288 845 2313 verba
860 2287 1001 2321 Gregorii:

221 2332 266 2356 καὶ
281 2331 444 2361 κατάστασις
463 2330 567 2365 πρώτη,
588 2341 595 2355 a
612 2331 667 2357 lnce
684 2332 769 2364 prima
788 2334 900 2364 sedatio,
918 2343 925 2357 i
945 2342 1003 2367 quae

220 2377 314 2403 Billius
333 2386 383 2402 non
405 2378 530 2403 reddidit.
547 2377 655 2403 Certum
674 2385 787 2411 namque
802 2383 852 2409 est,
872 2384 934 2405 tunc
949 2379 1002 2412 pri-

220 2431 293 2449 munt
306 2424 424 2449 sedatam
438 2423 519 2449 l'uissc
532 2427 727 2456 tempestatem,
740 2432 799 2449 cum
811 2423 907 2450 Valens
921 2426 1003 2451 vetuit

222 2477 254 2495 ne
268 2469 307 2494 vis
322 2468 419 2494 Basilio
434 2468 590 2501 inferretur,
605 2470 675 2502 quod
688 2470 809 2503 protecto
822 2471 904 2496 vetuit
916 2471 1000 2504 prius-

221 2521 300 2546 quam
317 2514 342 2539 in
361 2514 500 2540 ecclesiam
524 2522 551 2540 sc
572 2515 716 2540 conferret.
737 2514 797 2541 llaec
814 2516 948 2542 monuisse
962 2522 1003 2542 sat

221 2565 271 2585 cst.
287 2559 337 2591 Qui
354 2560 427 2593 plura
442 2560 528 2592 volet,
545 2560 616 2593 legat
636 2559 721 2586 Vnam
741 2560 835 2587 Basilii
854 2570 927 2588 nova:
939 2570 1001 2595 ope-

222 2613 279 2629 rum
295 2606 378 2630 sancti
395 2606 511 2633 doctoris
534 2607 643 2633 editioni
665 2608 817 2640 praslixam,
838 2616 896 2642 cap.
912 2609 956 2641 20,
974 2618 1000 2644 p.

221 2649 285 2680 tot,
306 2659 330 2674 ι..
349 2653 374 2676 e.
966 2646 972 2653 “

256 2764 292 2789 (ιιι
314 2761 416 2792 01:43,
435 2772 459 2786 ιι.
477 2763 518 2789 55.

257 2798 292 2828 μ’)
315 2797 359 2829 lup.
379 2799 411 2822 al.
429 2797 473 2823 25.

1055 1560 1144 1593 gorius
1169 1559 1202 1593 (c)
1217 1580 1224 1591 ,
1249 1567 1297 1585 cur
1329 1559 1404 1585 multi
1434 1559 1516 1585 etiam
1538 1565 1599 1586 ante
1623 1567 1715 1593 parum
1743 1560 1794 1587 leni
1814 1566 1838 1588 et

1055 1605 1168 1631 candido
1186 1613 1249 1638 erga
1266 1612 1329 1631 eum
1348 1604 1499 1639 (Basilium)
1514 1605 1603 1631 animo
1621 1611 1720 1632 essent.
1738 1605 1838 1640 Prima,

1055 1651 1125 1683 quod
1142 1650 1168 1676 iu
1183 1649 1244 1676 [idei
1257 1650 1439 1684 negotio'cum
1454 1657 1485 1676 eo
1500 1650 1610 1676 minime
1625 1651 1838 1685 consentiebant,

1055 1696 1106 1722 uisi
1123 1700 1254 1729 quantum
1274 1696 1300 1722 id
1320 1696 1385 1730 ipsis
1396 1715 1403 1727 ,
1420 1701 1531 1730 cogente
1545 1696 1716 1723 multitudine
1727 1718 1734 1729 ,
1751 1706 1838 1725 neces-

1056 1741 1127 1767 sario
1143 1741 1295 1767 laciendum
1321 1746 1388 1767 erat.
1406 1741 1514 1772 Altera,
1532 1742 1603 1775 quod
1620 1742 1738 1769 dolorem
1755 1750 1787 1769 cx
1805 1744 1838 1778 ip-

1056 1787 1111 1812 sius
1123 1786 1252 1813 electione
1264 1791 1422 1821 conceptum
1437 1787 1554 1813 noudum
1568 1788 1678 1813 omnino
1692 1796 1723 1813 ex
1741 1788 1838 1814 animis

1056 1833 1199 1866 ejecerant.
1215 1833 1354 1862 Postrema
1365 1853 1373 1866 ,
1390 1834 1459 1867 quod
1477 1840 1506 1860 se
1522 1833 1600 1868 louge
1615 1834 1781 1868 multumque
1803 1835 1837 1862 ab

1055 1887 1087 1905 eo
1108 1879 1192 1913 gloria
1215 1880 1337 1913 superari
1361 1879 1537 1906 acerbissime
1551 1878 1668 1912 serrent;
1691 1880 1796 1907 tametsi
1812 1881 1838 1908 id

1055 1925 1176 1951 confiteri
1191 1925 1375 1958 turpissimum
1389 1930 1505 1952 esset....
1530 1925 1568 1950 Ex
1593 1926 1645 1952 bac
1668 1927 1837 1953 contentione

1056 1971 1185 2004 permulta
1199 1972 1269 1997 mala
1285 1971 1382 2005 partim
1403 1971 1457 2006 jam
1480 1971 1656 2005 accidebant,
1674 1974 1769 2006 partim
1788 1974 1837 1999 int-

1056 2016 1215 2050 pendcbant.
1235 2017 1469 2043 Subtraltebantur
1493 2021 1640 2043 conventus
1663 2026 1763 2044 a-novo
1785 2026 1836 2045 me-

1056 2064 1189 2097 n-opotita.
1202 2068 1346 2097 proventus
1361 2064 1566 2098 diripiebantur,
1583 2073 1592 2088 ι
1608 2068 1660 2090 ete.

1055 2119 1155 2146 xcvn.
1177 2119 1318 2153 Greqorins
1331 2119 1477 2146 (lassat-eam
1498 2120 1582 2147 venit.
1597 2119 1697 2145 Basilio
1715 2121 1786 2146 addit
1809 2129 1835 2146 se

1090 2155 1199 2183 socium,
1217 2161 1238 2180 ct
1254 2156 1359 2180 interest
1373 2163 1466 2188 ριιςμιιε
1477 2162 1555 2188 prope
1567 2154 1671 2181 Sasima
1683 2163 1772 2181 cunita
1784 2155 1834 2182 An-

1092 2190 1209 2215 utimum.

1092 2245 1138 2271 llis
1155 2245 1269 2277 auditis,
1284 2245 1429 2278 Gregorius
1445 2245 1561 2271 debitum
1578 2245 1638 2271 hnic
1653 2247 1764 2279 tempori
1779 2246 1834 2273 ossi-

1056 2291 1125 2317 cium
1142 2299 1194 2317 non
1209 2291 1405 2324 praetertuittit,
1424 2299 1552 2324 suamquc
1570 2291 1710 2324 protinus.
1731 2297 1760 2318 nt
1779 2292 1834 2325 jam

1057 2337 1167 2368 dictum,
1182 2336 1280 2363 Basilio
1294 2344 1402 2370 operam
1416 2336 1573 2370 pt·olitctur;
1590 2337 1660 2369 quod
1674 2337 1760 2363 amico
1774 2345 1833 2371 per-

1057 2387 1159 2416 gratum
1174 2382 1233 2408 suit.
1249 2382 1303 2409 {Nec
1316 2390 1401 2414 mora,
1418 2382 1531 2408 Basilius
1547 2387 1622 2416 rogat
1634 2382 1792 2416 Gregorinm
1807 2388 1834 2409 ut

1056 2429 1216 2461 quantocius
1228 2428 1261 2454 ad
1276 2436 1304 2455 se
1323 2429 1426 2460 veniat;
1452 2428 1496 2462 qui
1520 2436 1579 2454 cum
1599 2430 1732 2460 venisset,
1757 2429 1834 2454 antbo

1056 2474 1133 2499 simul
1149 2474 1260 2506 profecti
1275 2478 1337 2500 suut
1351 2475 1383 2500 ad
1403 2479 1520 2500 montem
1538 2473 1654 2499 Taurum
1668 2494 1675 2505 ‚
1699 2475 1743 2500 ubi
1759 2474 1833 2501 locus

1055 2519 1163 2552 quidam
1176 2523 1244 2551 erat,
1257 2519 1312 2545 sive
1323 2518 1435 2545 ecclesia
1448 2520 1496 2545 sub
1507 2520 1591 2544 sancti
1603 2520 1704 2545 Orestis
1715 2519 1831 2550 nomine,

1056 2566 1125 2590 unde
1136 2572 1238 2591 annuos
1251 2565 1351 2591 reditus
1362 2565 1484 2598 capiebat
1496 2564 1668 2591 Caesariensis
1681 2566 1830 2598 episeopus.

1057 2609 1122 2635 Dum
1148 2610 1285 2642 redirent,
1311 2610 1453 2637 Antliimus
1468 2630 1475 2642 ,
1502 2618 1580 2643 quem
1602 2611 1708 2637 Taurici
1731 2611 1830 2636 reditus

1057 2656 1171 2681 maxime
1188 2656 1211 2680 in
1231 2656 1347 2682 furorem
1362 2656 1482 2690 agebant,
1500 2657 1598 2690 qnippe
1615 2664 1681 2690 quos
1700 2656 1724 2682 in
1744 2660 1830 2683 traus-

1093 2772 1126 2799 (s)
1148 2766 1191 2791 Ου’.
1207 2767 1248 2797 lm,
1266 2776 1289 2792 n.
1307 2767 1347 2794 53,
