1838 3046
180 123 215 150 93
678 129 863 157 PnAEt-'aTto
884 131 1088 160 GENEttALtS.
1110 151 1141 154 Ἀ
1159 135 1247 164 PARS
1267 137 1311 165 ltt.
1777 148 1812 176 9ss

181 185 285 214 oculis
303 187 390 216 cerni
409 190 528 225 queat?
546 189 592 218 An
613 190 677 219 liare
693 200 824 229 qnoque
842 192 873 221 in
889 201 1021 230 corpora
1040 195 1181 225 eadunt?
1198 197 1223 226 Ο
1244 198 1423 230 lieentiaml
1442 209 1504 231 non
1524 202 1607 232 enini
1627 212 1689 234 naec
1702 212 1813 245 corpo>-

183 245 252 266 rum
272 243 382 268 natura
400 242 458 269 est.
478 240 526 269 An
553 249 627 271 vero
649 250 765 280 corpus
788 243 918 281 quidem
947 253 1017 275 esse
1038 250 1179 284 statues,
1205 249 1396 281 immensum
1428 261 1500 282 vero
1521 257 1616 292 atque
1640 256 1811 292 infinitum,

185 291 364 325 caeteraque
381 289 476 328 liuJus
490 291 617 328 generis
634 300 704 322 esse
722 294 877 331 negabis?
893 294 919 323 Ο
936 296 1132 327 crassitiem!
1153 303 1185 328 ut
1206 301 1290 330 nulla
1308 310 1341 331 re
1362 303 1453 332 nobis
1471 304 1556 334 Deus
1575 309 1711 344 praestet.
1728 307 1812 344 Quid

182 339 266 368 enim
287 340 392 369 afferri
410 344 525 378 potest,
545 350 602 370 cur
615 342 739 372 colatur
755 348 850 382 atque
867 346 1031 382 adoretur,
1049 349 1075 378 si
1093 350 1354 389 circumscriptus
1371 354 1440 382 est?
1456 356 1509 383 aut
1531 355 1608 393 quid
1623 364 1725 386 causae
1741 366 1813 389 esse

182 391 339 426 dicemus,
358 391 436 429 quin
457 401 494 421 ex
512 392 680 422 elementis
698 395 855 426 conflatus
874 398 927 433 sit,
945 404 1041 437 atque
1058 400 1088 429 in
1107 401 1217 430 eaden]
1237 401 1344 432 denuo
1361 403 1534 441 redigatur,
1551 407 1709 436 autetiam
1730 416 1813 445 pror·

182 449 238 469 sus
265 441 421 471 intereat?
454 441 653 480 Compositio
681 444 802 483 quippo
830 456 942 485 pugnas
960 449 1086 479 initium
1115 456 1173 485 est,
1202 461 1306 489 pugna
1337 458 1441 482 autem
1470 454 1608 491 dissidii,
1642 455 1810 487 dissidium

181 490 357 520 solutionis
377 492 522 521 :solutio
544 501 638 530 porro
656 494 854 525 nullomodo
873 497 1020 534 inbeum
1038 509 1072 529 ac
1096 501 1228 537 primam
1248 503 1331 532 illam
1352 507 1495 534 naturam
1515 505 1607 535 radit.
1626 518 1639 532 »

183 568 186 570 ,
220 539 466 577 Transeenderej
485 542 592 580 itaque
624 551 754 573 neeesse
781 549 828 575 est
856 554 982 576 omnem
1011 553 1154 579 naturam
1179 552 1365 582 sensibilem
1390 556 1419 582 et
1445 554 1582 591 cogitare
1614 556 1679 593 «(a)
1709 556 1811 586 Deum

180 590 324 619 omnium
345 600 415 629 quae
429 596 503 621 sunt
521 592 772 629 pulcherrimum
788 599 816 625 et
834 597 1105 629 sublimissimum
1126 609 1208 636 esse,
1228 602 1289 631 nisi
1310 602 1381 640 quis
1397 606 1500 632 tamen
1521 612 1592 633 eum
1610 604 1698 634 malit
1716 613 1811 643 supra

180 648 308 669 omnem
327 641 499 670 essentiam
520 650 651 680 ponere,
669 648 722 672 aut
743 644 773 674 in
794 645 874 683 ipso,
897 648 1052 686 quidquid
1083 654 1141 685 est,
1176 651 1349 682 collocare:
1385 656 1493 690 utpote
1525 663 1540 683 a
1564 663 1628 692 quo
1655 654 1713 684 alia
1731 658 1811 693 quo-

180 698 254 728 que,
273 694 306 720 ut
330 691 406 726 sint,
429 693 623 730 acceperint.
637 705 650 720 »
678 694 714 723 Et
730 700 886 733 quantum
904 698 942 727 de
960 698 1112 730 ineffabili
1132 701 1217 739 loqui
1236 702 1281 732 sas
1299 706 1357 738 est,
1379 703 1488 741 paucis
1504 706 1603 732 totum
1625 704 1811 742 complecti-

181 744 230 768 tur
246 740 320 770 dum
340 746 427 771 vocat
442 742 542 772 Deum
569 754 581 769 «
596 743 637 781 (b)
654 744 788 782 Pelagus
804 747 961 783 quoddam
987 750 1133 780 essentia)
1150 751 1342 782 immensum
1369 757 1398 783 et
1426 753 1681 783 interminatum.
1695 765 1708 781 υ
1727 753 1810 790 Quid

179 790 266 820 aliud
285 793 435 822 enuntiat
456 802 572 823 nomen
593 795 678 832 quod
703 795 765 824 Deo
783 798 1036 833 per-excellenter
1057 800 1233 830 tribuitur?
1262 802 1325 831 Ens
1344 803 1502 841 siquidem
1528 805 1656 840 dicitur,
1678 806 1761 843 quod
1780 809 1811 836 et

180 851 195 871 a
212 850 246 872 se-
270 842 312 872 sit
337 847 366 872 ct
393 843 422 872 in
448 852 482 873 se
510 844 580 882 ipso
612 845 696 874 entis
719 845 830 876 babeat
856 847 975 878 sontem
1000 850 1240 882 inexhaustum.
1278 864 1290 879 «
1308 853 1344 892 (c)
1362 854 1523 889 Quantum
1555 855 1646 885 nobis
1679 856 1808 894 assequi

181 901 370 922 concessum
387 897 445 927 est,
464 894 527 923 Etis
545 899 574 923 et
594 895 679 924 Deus
704 896 804 933 magis
828 898 1064 936 quodammodo
1086 902 1233 931 essentiae
1263 904 1391 933 nomina
1409 908 1502 936 sunt:
1531 915 1568 935 ex
1595 907 1699 944 iisque
1716 907 1809 936 etiam

182 953 243 974 vox
263 946 339 979 lins,
360 946 396 975 ad
415 955 483 976 eam
504 947 703 977 indicandam
721 949 825 986 aptior
845 953 911 985 est;
933 959 996 979 non
1023 950 1081 981 lioc
1098 951 1201 982 solum
1222 955 1352 984 nomine
1369 956 1453 993 quod
1474 956 1554 995 ipse,
1572 966 1642 986 eum
1659 957 1761 994 Moysi
1778 957 1809 986 in

179 1002 289 1025 monte
317 997 479 1027 oraculum
508 999 688 1032 ederet....
724 1001 764 1030 ita
785 1001 926 1039 seipsum
954 1003 1140 1041 appellavi13
1167 1003 1222 1033 sed
1245 1004 1339 1034 etiam
1364 1005 1439 1043 quia
1468 1015 1583 1037 nomen
1610 1007 1686 1037 illud
1714 1007 1811 1045 magis

180 1049 342 1085 proprium
371 1059 440 1080 esse
465 1052 737 1089 comperimus...
829 1052 978 1082 Naturam
998 1053 1156 1091 ejusmodi
1174 1055 1388 1092 exquirimus,
1403 1065 1474 1095 qum
1494 1057 1599 1096 ipsum
1618 1067 1688 1087 esse
1706 1067 1761 1096 per
1777 1066 1811 1088 se

180 1099 305 1134 babeat,
323 1109 357 1130 ne
376 1109 437 1130 non
455 1110 526 1131 cum
545 1103 606 1133 alio
624 1105 777 1143 quopiam
801 1105 983 1142 copuletur.
1005 1105 1068 1134 Ens
1089 1114 1176 1142 vero,
1196 1107 1358 1144 proprium
1376 1115 1452 1136 sane
1470 1111 1515 1137 est
1539 1109 1614 1144 Dei,
1639 1117 1674 1138 ac
1699 1112 1810 1145 totum,

179 1158 237 1179 nec
266 1150 372 1188 priore
398 1151 506 1190 aliqua
532 1162 587 1190 re,
613 1163 671 1184 nec
695 1155 874 1193 posteriore
902 1157 982 1192 (nec
1013 1155 1098 1184 enim
1126 1159 1203 1192 erat,
1231 1160 1284 1186 aut
1313 1157 1390 1195 erit)
1420 1158 1585 1188 delinitum
1615 1167 1650 1189 ac
1678 1160 1812 1189 eircum-

178 1208 324 1230 cisum.»

218 1254 259 1282 At
273 1255 509 1291 quantumlibet
526 1259 555 1285 et
573 1266 679 1287 rerum
699 1258 892 1288 universitas
912 1261 941 1287 et
959 1265 1049 1287 mens
1063 1257 1207 1296 opificem
1225 1268 1319 1288 suum
1339 1260 1558 1298 profiteantur,
1575 1260 1810 1291 inconsiderate

181 1307 212 1333 et
231 1303 412 1340 periculose
429 1305 513 1342 quis,
533 1305 591 1336 boc
611 1316 674 1336 uno
698 1307 798 1337 fultus
818 1308 980 1346 proesidio,
1007 1309 1045 1338 ad
1063 1317 1134 1338 eum
1153 1317 1223 1339 sese
1242 1314 1326 1340 certo
1345 1310 1467 1348 erigere
1483 1311 1655 1349 putaveritz
1674 1320 1732 1341 neo
1750 1310 1810 1341 mi-

179 1363 249 1383 rum
268 1354 293 1383 si
313 1358 357 1383 tot
373 1355 456 1384 docti
478 1360 506 1385 et
524 1357 698 1394 sapientes,
719 1359 788 1387 solo
809 1359 929 1389 lumine
957 1360 1092 1390 naturali
1111 1360 1216 1399 ipsum
1234 1361 1406 1398 quaerendo
1427 1356 1655 1398 cogitationum
1679 1369 1810 1390 suarum

178 1405 252 1435 suco
270 1405 408 1443 decepti,
426 1415 441 1435 a
461 1407 528 1436 Deo
546 1407 645 1444 magis
662 1416 697 1437 ac
715 1408 814 1445 magis
832 1409 1075 1439 aberraverint:
1095 1413 1128 1439 ut
1155 1411 1237 1440 enim
1257 1409 1342 1439 Deus
1359 1413 1442 1440 recte
1461 1419 1475 1439 a
1496 1410 1586 1440 nobis
1604 1411 1810 1449 percipiatur,

179 1465 285 1495 neque
299 1457 385 1487 orbis
403 1462 564 1494 aspectus.
584 1466 689 1496 neque
707 1458 841 1496 ipsamet
858 1459 939 1488 ratio
962 1460 1040 1489 satis
1057 1468 1114 1489 nos
1138 1460 1299 1494 erudiunt,
1331 1471 1344 1486 «
1359 1459 1402 1498 (d)
1426 1460 1480 1490 sed
1507 1469 1602 1495 nune,
1630 1464 1660 1490 et
1686 1470 1812 1499 semper

178 1515 258 1544 opus
275 1506 371 1537 fuerit
387 1507 520 1545 Spiritu,
542 1516 707 1546 perquem
729 1508 833 1539 solum
860 1510 946 1539 Deus
962 1513 992 1539 et
1008 1509 1213 1548 intelligitur,
1242 1512 1272 1538 et
1297 1509 1481 1545 exponitur,
1507 1514 1535 1539 et
1553 1510 1693 1540 auditur.
1712 1521 1726 1537 »
1751 1511 1812 1540 Ve-

179 1562 358 1588 rumtamen
387 1559 544 1597 quidquid
574 1558 612 1587 de
637 1558 704 1587 Deo
727 1559 922 1593 sentiamus,
955 1559 1027 1589 licet
1050 1562 1146 1589 altum
1170 1558 1248 1597 quid
1271 1562 1301 1589 et
1332 1559 1471 1588 sublime
1495 1560 1808 1597 excogitaverimus;

179 1608 388 1645 quantumvis
405 1611 525 1638 crescat
545 1607 577 1636 in
597 1608 654 1637 bac
672 1609 734 1637 vita
751 1609 906 1646 cognitio,
932 1610 1103 1639 essentiam
1129 1609 1187 1639 Dei
1204 1617 1367 1646 nunquam
1385 1616 1606 1647 assequemur.
1641 1622 1654 1636 «
1670 1609 1710 1649 (e)
1727 1610 1811 1646 Quid

180 1656 307 1686 tandem
334 1657 420 1686 Deus
443 1661 553 1687 natura
585 1666 641 1687 sua
664 1661 692 1688 et
721 1659 859 1689 essentia
882 1660 938 1694 sit,
963 1669 1021 1690 nee
1045 1659 1211 1690 hominum
1232 1660 1405 1698 quisquam
1427 1668 1567 1698 unquam
1588 1661 1725 1696 invenit,
1751 1669 1810 1691 nec

179 1709 323 1738 invenire
343 1712 457 1747 potest.
480 1721 492 1736 »
519 1709 601 1739 Hinc
621 1710 795 1748 Gregorius
812 1712 1013 1741 Eunomiano
1037 1711 1121 1741 fatuo
1144 1719 1177 1740 se
1194 1711 1324 1749 jactanti
1342 1711 1449 1741 onmia
1465 1710 1557 1747 scire,
1582 1714 1612 1740 et
1628 1713 1811 1748 arroganter

179 1759 218 1789 ab
233 1758 457 1794 orthodoxi5,«
470 1767 613 1797 quaenam
633 1764 716 1790 esset
734 1761 790 1790 Dei
807 1762 945 1791 essentia
966 1774 979 1789 »
1000 1762 1153 1800 quaereuti
1173 1771 1179 1789 ε
1199 1761 1307 1795 «Tuae,
1320 1760 1424 1799 inquit
1441 1759 1490 1799 (f),
1508 1759 1677 1789 dementire
1691 1763 1738 1790 est
1751 1759 1810 1789 hoc

181 1810 299 1844 dicere,
317 1809 372 1847 qui
390 1810 631 1847 generationem
648 1818 778 1849 quoque
796 1811 896 1849 ipsam
913 1813 1007 1842 anxio
1025 1812 1232 1849 perscrutaris
1252 1821 1259 1839 :
1279 1810 1371 1840 nobis
1388 1812 1493 1840 autem
1512 1810 1635 1839 abunde
1660 1818 1810 1847 magnum

180 1863 275 1898 atque
295 1859 435 1897 amplum
454 1859 565 1896 suerit,
588 1859 664 1889 siin
689 1864 851 1898 posterum
878 1870 1007 1900 quoque
1032 1860 1216 1896 discamus,
1238 1861 1341 1891 soluta
1370 1860 1517 1890 videlieet
1540 1859 1597 1889 liac
1621 1858 1757 1896 caligine
1781 1863 1810 1890 et

182 1910 339 1946 crassitie,
360 1913 395 1939 ut
412 1909 575 1943 pollicitus
596 1912 643 1939 est
669 1909 695 1939 is
721 1910 775 1948 qui
797 1919 860 1940 non
881 1912 1072 1941 mentitur.»
1105 1911 1195 1940 Nunc
1215 1918 1290 1940 vero
1308 1909 1491 1947 Tlieologus
1518 1908 1572 1938 ille
1598 1907 1710 1937 merito
1735 1916 1812 1938 cen-

183 1964 304 1996 seatur,
337 1971 350 1986 (ι
364 1959 404 1997 (9)
421 1967 485 1989 non
503 1959 557 1997 qui
577 1959 607 1989 in
623 1962 738 1995 totum,
759 1961 836 1998 quid
849 1961 935 1990 Deus
954 1961 1006 1996 sit,
1025 1960 1255 1992 invenerit....
1270 1960 1324 1990 sed
1343 1960 1398 1998 qui
1416 1958 1600 1997 ampliorem
1618 1958 1718 1996 ipsius
1734 1967 1809 1996 spe-

182 2011 263 2040 ciem
281 2014 387 2040 mente
406 2010 600 2048 conceperit,
619 2009 824 2048 ampliusque
847 2010 992 2040 veritatis
1013 2010 1239 2045 simulacrum,
1270 2009 1318 2039 vel
1343 2008 1634 2044 adumbrationem,
1660 2008 1707 2038 vel
1731 2016 1811 2047 quo·

183 2069 311 2098 cunque
330 2059 453 2089 tandem
470 2059 534 2089 alio
555 2060 709 2090 vocabulo
727 2060 771 2089 uti
789 2061 861 2098 quis
877 2060 977 2096 malit,
995 2060 1026 2090 in
1046 2060 1153 2098 seipso
1177 2059 1379 2098 collegerit.»
1407 2060 1444 2088 Et
1458 2067 1496 2088 nc
1511 2058 1619 2088 abbae
1636 2057 1745 2096 regula
1761 2057 1808 2088 vel

184 2113 271 2150 ipsos
287 2114 394 2143 Patres
416 2112 566 2151 antiquos
585 2113 742 2151 excipias,
773 2112 818 2142 vel
842 2111 1012 2149 propbetas
1038 2110 1092 2148 qui
1118 2109 1219 2139 Deum
1245 2109 1418 2148 aliquando
1442 2108 1560 2139 vidisse
1584 2109 1616 2139 in
1639 2109 1809 2147 Scripturis

185 2168 362 2193 narrantur.
398 2174 411 2189 «
430 2163 471 2202 (h)
501 2163 533 2193 Si
557 2163 629 2201 quis
655 2163 739 2192 enim
764 2164 863 2192 Deum
888 2160 1049 2199 cognovit,
1074 2152 1146 2195 aut‚'
1163 2160 1322 2197 Scriptura
1342 2162 1438 2194 teste,
1472 2159 1660 2196 cognovisse
1681 2158 1808 2206 dicitur,

184 2216 318 2243 eatenus
333 2213 523 2251 cognovisse
540 2213 725 2243 censendus
742 2216 801 2247 est,
820 2216 981 2250 quatenus
1001 2210 1161 2241 uberioris
1175 2210 1357 2248 splendoris
1375 2210 1531 2248 particeps
1547 2210 1637 2240 sit....
1650 2209 1694 2238 Ita
1716 2217 1810 2239 exsu-

187 2264 329 2300 perantia
350 2263 427 2299 hmc,
448 2263 586 2302 perfecta
601 2263 740 2301 cognitio
754 2263 936 2293 existimata
958 2265 1019 2298 est,
1034 2270 1097 2292 non
1117 2261 1153 2291 ad
1171 2261 1274 2299 ipsius
1291 2260 1336 2290 rei
1354 2260 1534 2295 veritatem,
1551 2259 1605 2290 sed
1623 2259 1660 2289 ad
1674 2258 1808 2289 aliorum

187 2314 351 2344 modulum
367 2319 395 2345 et
409 2315 590 2345 facultatem
611 2324 777 2353 perpensa.
798 2326 812 2343 >ι

224 2365 288 2394 Nec
309 2365 423 2394 mirum
452 2365 478 2394 si
501 2367 647 2400 mortale,
675 2369 735 2394 tam
753 2365 896 2402 angustis
925 2363 1201 2402 circumscriptum
1222 2362 1379 2397 terminis,
1400 2361 1544 2393 divInum
1568 2364 1598 2390 et
1615 2360 1808 2390 immensum

187 2424 251 2446 non
272 2415 395 2453 capiat:
420 2423 559 2453 quonam
585 2415 668 2444 enim
688 2419 777 2453 pacto
793 2419 887 2444 totam
905 2414 990 2444 illius
1009 2416 1151 2443 nat-uram
1168 2412 1247 2442 ratio
1262 2411 1399 2441 humana
1416 2409 1655 2448 apprehendere
1673 2410 1800 2447 poterit.

185 2475 257 2497 cum
276 2478 290 2494 ι(
305 2466 338 2505 (ι’)
354 2474 446 2496 omne
463 2470 615 2501 creatum,
630 2467 697 2495 sive
711 2467 849 2500 coeleste‚
869 2466 937 2496 sive
954 2464 1191 2504 supercoeteste‚
1213 2463 1285 2494 lieet
1308 2462 1488 2493 sublimiori
1501 2470 1596 2500 quam
1611 2470 1668 2491 nos
1686 2468 1797 2503 natura

193 2517 374 2555 praeditum,
392 2517 524 2555 Deoque
542 2516 690 2550 vicinius,
709 2516 843 2554 longiori
865 2519 968 2545 tamen
986 2513 1155 2544 intervallo
1169 2523 1183 2543 a
1203 2514 1280 2549 Deo,
1299 2522 1333 2543 ac
1350 2513 1441 2550 plena
1471 2512 1523 2542 illa
1541 2515 1570 2542 et
1586 2511 1730 2542 absoluta
1746 2520 1798 2541 cu-

190 2566 332 2604 gnitione
349 2565 455 2600 distat,
472 2573 567 2602 quam
592 2573 656 2603 quo
684 2565 892 2603 compositam
912 2565 992 2595 lianc
1008 2567 1160 2599 nostram,
1178 2567 1208 2593 et
1234 2563 1387 2601 abjectam
1405 2566 1500 2600 atque
1518 2561 1607 2591 bumi
1627 2565 1807 2599 vergentem

190 2627 324 2648 massam
342 2619 492 2657 superat?
506 2630 519 2645 1>
540 2617 624 2648 Niliil
643 2617 761 2648 interea
779 2617 1065 2656 expostulandum,
1086 2616 1110 2645 si
1127 2616 1225 2652 Deus,
1240 2615 1364 2646 anobis
1381 2623 1443 2645 non
1461 2612 1494 2655 (J')
1514 2625 1527 2641 «
1543 2615 1635 2652 plene
1649 2613 1806 2667 perfecte-

226 2713 265 2746 (a)
285 2712 360 2739 Orat.
376 2714 404 2742 G.
421 2721 446 2738 n.
468 2713 508 2738 1-2.
1063 2711 1095 2745 (s)
1117 2710 1162 2737 Or.
1178 2710 1225 2740 29.
1239 2718 1264 2736 n.
1281 2710 1323 2736 Η,

239 2748 264 2781 b)
283 2747 357 2773 Orat.
377 2748 421 2778 45,
441 2756 466 2773 n.
483 2748 509 2775 5.
1064 2748 1099 2779 (ρ)
1116 2746 1162 2772 Or.
1182 2746 1227 2775 50,
1243 2746 1328 2770 ιι.-1“Ῑ.

227 2749 265 2815 ἕο)
285 2782 331 2809 Or.
347 2783 391 2811 50.
408 2791 433 2808 n.
457 2783 499 2809 18.
1064 2781 1101 2815 (h)
1121 2781 1164 2806 Or.
1182 2780 1226 2810 2⁸,
1244 2788 1270 2805 ii.
1290 2781 1328 2805 17.

230 2818 268 2850 (d)
289 2816 362 2843 Orat.
377 2818 403 2847 ⁶3.
420 2826 445 2843 n.
467 2818 508 2843 39.
1065 2819 1095 2848 (ι)
1117 2816 1194 2844 ibid..
1214 2823 1239 2840 Π-
1257 2815 1282 2840 5-

231 2853 266 2885 (e)
287 2853 331 2879 Or.
348 2853 391 2884 28,
408 2862 433 2878 n.
453 2853 490 2877 17.
515 2890 518 2895 .
1066 2849 1097 2884 (j)
1119 2850 1163 2876 Or.
1180 2849 1223 2881 45,
1243 2857 1267 2876 n.
1282 2849 1307 2877 5.
