1838 3046
59 157 88 183 at
548 157 730 183 PttAEt-‘ATto
751 156 953 184 cessimus.
976 171 1008 176 —-
1029 156 1118 183 PARS
1137 155 1167 181 tl.
1645 154 1679 180 52

57 213 232 251 Gregorius
253 216 371 249 antem,
389 213 444 252 qui
464 213 774 252 binos⁴episcopatus
792 214 914 252 iugarat
927 236 935 249 ,
948 211 1342 250 Constantitiopolitanum
1359 210 1499 248 suscepit
1521 217 1575 248 spo
1594 211 1677 248 pacis

58 265 284 299 conciliandoe;
310 273 411 303 eaque
427 264 592 302 desperata
619 264 762 294 desernit
780 287 787 298 ,
806 269 837 293 ut
861 264 890 293 in
921 254 1107 298 solitudine',
1139 263 1204 292 Deo
1230 265 1398 292 contentus
1417 283 1424 296 ,
1441 261 1578 299 expetita
1606 268 1679 298 paee

57 316 230 347 frueretur.
251 317 296 346 lta
324 317 408 354 quod
435 315 606 345 schismate
637 316 854 345 laborantibus
883 314 1061 344 Corinthiis
1083 313 1129 343 vir
1147 313 1344 351 apostolicus
1369 312 1516 341 Clemens
1545 311 1680 349 epistola

60 365 156 404 priori
174 366 328 396 suadebat
344 364 397 405 (α),
413 368 444 394 ut
461 376 474 392 α
493 365 614 402 Siquis
627 369 711 394 esset
728 373 918 402 generosus,
937 365 962 394 si
983 364 1055 403 quis
1081 363 1275 397 misericors,
1294 362 1410 401 siquis
1438 361 1598 391 charitatis
1618 361 1682 398 ple-

61 423 131 450 nus,
149 415 267 446 diceret
283 427 289 445 :
307 417 336 445 Si
355 421 483 454 propter
503 425 552 446 me
568 417 685 446 seditio
703 421 732 446 et
748 417 907 447 discordia
927 421 955 447 et
969 417 1137 446 schismata
1151 437 1158 449 ,
1176 414 1356 445 discedo...
1373 413 1474 442 solnm
1496 413 1577 442 ovile
1592 412 1682 442 Chri-

60 465 98 495 sti
121 467 150 495 in
165 475 238 506 paca
258 467 361 504 «legat,
378 479 390 492 ιι
410 470 488 500 eim:
507 468 543 496 ad
561 466 645 505 quod
661 470 800 504 paratum
818 476 851 496 sa
878 475 948 497 esse
972 469 1044 504 post
1060 464 1243 503 exemplum
1262 463 1415 500 'l'lieologi
1432 461 1682 499 Chrysostomus

61 518 321 557 protitebatur(b)
342 528 349 547 :
368 517 397 547 id
413 518 589 555 Gregorius
620 517 841 547 Nazianzenus
868 517 971 554 reipsa
993 515 1157 554 pra—stitit,
1177 514 1232 552 qui
1251 518 1283 543 ut
1298 512 1450 541 seditioni
1466 510 1591 540 obviam
1612 510 1681 542 iret.

62 572 230 607 postquam
257 568 294 597 ad
323 567 708 605 Constantinopolilanam
729 567 837 596 sedem
858 567 1005 595 admotus
1034 569 1141 598 esset,
1171 563 1318 602 protinus
1338 560 1487 591 licciesiie
1506 559 1684 598 repudiavit

63 617 296 656 prml‘ecturam,
314 625 372 646 nec
389 616 480 646 aliam
499 628 512 642 «
532 616 578 645 vir
593 624 779 654 generosus,
800 627 813 642 ιι
840 619 873 644 ut
891 615 996 645 verbis
1013 615 1042 644 S.
1061 613 1235 644 Clementis
1251 615 1331 647 utar,
1351 622 1364 637 α
1395 609 1441 640 vir
1457 609 1638 639 misericors
1655 613 1685 637 et

62 668 176 708 plenus
191 668 365 703 charitatis,
383 680 396 696 ιι
415 668 475 698 vita
493 669 598 698 divina
613 668 749 705 insignis
763 689 770 702 ‚
789 668 977 697 Christiana>
1006 667 1037 697 in
1064 665 1201 696 Ecclesia
1223 664 1308 703 pacis
1326 668 1443 700 martyr
1461 664 1491 692 et
1511 661 1615 691 hostia
1634 660 1684 699 (c),

62 719 231 749 discedens
262 719 300 749 ab
331 719 522 757 imperatore
543 719 686 758 poposcit
704 719 834 757 gratiam
854 741 861 753 ,
885 719 946 748 nisi
967 723 999 747 ut
1016 719 1052 747 ad
1079 716 1280 747 concordiam
1309 714 1480 744 adduceret
1507 711 1686 751 episcopos,

62 773 259 801 contestatus
288 779 322 801 se
353 771 465 800 mundi
493 771 591 808 gratia
606 791 614 805 ,
633 779 705 808 qua>
723 770 903 805 patiebatur
920 769 982 806 pati
1008 767 1112 801 facila,
1131 767 1214 797 etad
1231 763 1463 795 conciliandam
1485 762 1604 793 mundo
1632 770 1689 799 pa-

63 830 130 851 cem
149 821 227 851 urbe
244 820 424 859 thronoque
441 820 595 851 excedere
612 820 759 856 libenter,
779 820 845 858 paci
863 819 1003 857 denique
1019 818 1125 848 onmia
1144 818 1233 847 litare
1249 827 1256 845 ι
1272 827 1285 842 α
1308 814 1391 851 Quin
1406 813 1500 844 etiam
1517 812 1592 848 scis,
1609 822 1623 839 ²·
1642 811 1690 840 5¹¹·

63 873 133 912 quit
148 872 202 911 (d),
221 873 340 914 allpqui
361 881 496 912 porgens
514 873 736 912 imperatorem
753 872 984 907 Theodosium,
1002 883 1016 899 <t
1036 880 1131 911 quam
1151 871 1357 901 reluctantem
1377 868 1406 898 in
1426 866 1540 898 throno
1557 874 1605 897 me
1622 866 1689 896 col-

65 922 184 953 locasti.
205 934 219 951 ιο

107 973 276 1012 Nunquam
294 972 519 1010 Sasimenscm,
540 981 705 1012 nunquam
736 974 971 1004 Nazianzenum
998 973 1184 1011 episcopum
1216 980 1249 1001 sa
1273 968 1354 999 dixit
1379 967 1482 998 dicive
1504 974 1618 1006 passus
1645 970 1691 996 est

66 1022 252 1060 Gregorius,
270 1023 326 1052 sed
342 1031 470 1061 semper
486 1024 516 1053 in
530 1023 726 1054 carminibus
739 1027 769 1054 et
785 1023 930 1062 epistolis
948 1024 1152 1054 vehementer
1170 1021 1317 1052 reclamat
1341 1029 1348 1048 ε
1371 1017 1693 1055 Constantinopolita-

68 1080 138 1102 nam
158 1081 230 1102 vero
248 1072 355 1103 sedem
375 1081 409 1103 se
427 1074 586 1113 accepisse
606 1073 733 1110 fatetur,
752 1073 781 1103 in
800 1083 834 1104 oa
850 1083 883 1104 se
900 1074 1089 1104 collocatum
1110 1072 1207 1102 fuisse
1225 1074 1368 1105 testatur,
1386 1077 1487 1107 seque
1503 1068 1570 1104 ipse
1589 1068 1694 1097 nomi-

66 1128 119 1154 nat
137 1124 222 1154 illius
245 1126 330 1155 urbis
354 1125 551 1164 episcopum.
572 1125 663 1156 Certe
680 1134 737 1156 nec
758 1126 857 1165 major
881 1134 938 1156 nec
956 1126 1095 1164 apertior
1115 1124 1177 1154 ulla
1199 1126 1387 1162 potestesse
1405 1120 1575 1150 auctoritas
1599 1127 1692 1158 quam

67 1173 152 1204 istud
169 1174 342 1205 authentici
362 1175 540 1204 testamenti
557 1174 748 1213 principium
770 1179 799 1204 et
816 1175 900 1205 linis,
930 1176 973 1205 Ac
999 1173 1190 1213 principium
1210 1172 1338 1211 quidem
1359 1180 1365 1199 :
1387 1182 1399 1197 α
1425 1169 1611 1208 Gregorius,
1643 1168 1694 1198 in·

67 1223 148 1262 quit,
168 1225 337 1263 episcopus
358 1223 519 1256 catholicoe
534 1223 828 1262 Constantinopolis
855 1224 1016 1259 Ecclesise,
1040 1222 1151 1253 vivens
1177 1230 1212 1252 ac
1236 1221 1445 1259 prudens...»
1477 1219 1511 1249 ln
1533 1220 1593 1248 tine
1623 1226 1696 1247 vero

68 1274 262 1313 subscriptio
286 1274 350 1306 hoec
367 1278 414 1305 est
432 1287 438 1305 :
457 1287 471 1304 «
491 1276 663 1315 Gregorius
682 1277 852 1316 episcopus
868 1277 1030 1307 catholicin
1044 1273 1338 1312 Constantinopolis
1360 1273 1507 1303 Ecclesiae
1528 1271 1625 1310 relegi
1649 1277 1697 1301 te-

70 1327 277 1361 stamentum,
309 1327 338 1355 ct
369 1326 474 1357 omnia
505 1327 682 1365 approbans
711 1326 889 1365 subscripsi
922 1334 1017 1357 manu
1047 1334 1126 1362 mea,
1157 1328 1186 1356 et
1220 1325 1283 1355 vim
1319 1325 1464 1354 obtinere
1494 1323 1565 1354 volo
1596 1327 1625 1353 ct
1644 1323 1698 1362 ju-

69 1374 139 1405 beo.
157 1386 171 1402 ι

110 1425 257 1464 Denique
277 1425 359 1456 inter
375 1425 542 1464 episcopos
558 1425 933 1464 Constantinopolitanos
955 1424 986 1454 in
1007 1424 1230 1463 cpiscoporum
1249 1423 1345 1461 liujus
1367 1422 1456 1452 urbis
1481 1421 1563 1451 serie
1582 1420 1628 1451 sie
1646 1429 1697 1450 re-

71 1478 240 1506 censetur:
257 1485 271 1502 «
287 1475 461 1512 Gregorius
476 1474 670 1512 'l'heologus,
689 1474 884 1504 Sasimorum
900 1473 1035 1512 primum
1049 1474 1217 1511 episcopus
1237 1472 1459 1512 (designatus),
1474 1472 1700 1503 Constantino-

72 1524 234 1565 politanus
263 1525 323 1555 sub
352 1525 534 1555 Theodosio
552 1525 666 1562 Magno
683 1525 884 1554 renuntiatus
901 1528 965 1560 est,
984 1524 1078 1563 eique
1094 1524 1159 1553 liaee
1176 1523 1280 1559 sedes,
1301 1524 1397 1553 veluti
1419 1524 1474 1562 qui
1492 1524 1590 1553 multa
1611 1523 1701 1553 labo-

73 1581 184 1612 rasset,
199 1585 234 1606 ac
252 1575 423 1606 Ecclesiam
442 1576 479 1605 ab
500 1575 615 1614 injuria
635 1575 826 1605 vindicasset
844 1575 874 1605 in
888 1574 1078 1611 libertatem,
1092 1579 1138 1606 cst
1151 1584 1168 1606 a
1184 1576 1308 1614 synodo
1326 1575 1508 1606 confirmata
1530 1585 1568 1605 z»
1595 1579 1701 1604 Ἐπικυ-

72 1632 205 1668 ρωθέντος
219 1631 292 1666 αὐτῷ
310 1630 354 1657 ’.οὗ
372 1631 466 1665 Opem-a
482 1631 556 1666 παρὰ
566 1631 614 1666 τῆς
629 1631 745 1658 συνόδου.

112 1679 317 1718 Nullumjam
334 1678 414 1709 circa
432 1681 651 1720 episcopatum
667 1679 812 1718 Gregorii
835 1679 968 1709 dubium
989 1680 1115 1710 videtur
1132 1688 1316 1718 superesse,
1329 1688 1387 1710 nec
1402 1678 1588 1710 avellendus
1606 1680 1702 1708 restat

74 1733 256 1772 scrupulus.
274 1732 437 1772 Siquidem
453 1740 491 1761 ex
509 1731 600 1761 dictis
618 1734 763 1761 constare
780 1729 873 1760 debet
888 1738 974 1766 eum,
993 1739 1050 1760 nec
1066 1730 1276 1764 Sasimmum,
1304 1740 1361 1760 nec
1384 1729 1545 1764 Nazfflnzi,
1575 1730 1630 1759 sed
1648 1738 1698 1758 so-

77 1783 138 1814 lius
154 1782 449 1822 Constantinopolis
466 1782 617 1812 Ecclesire
636 1781 822 1820 episcopum
847 1779 1087 1810 renuntiatione
1103 1780 1228 1819 publica
1247 1784 1277 1810 et
1294 1781 1456 1817 canonica,
1476 1780 1702 1811 communibus

78 1835 172 1866 totius
192 1835 267 1866 cleri
285 1844 319 1865 ac
338 1833 447 1873 populi
467 1833 548 1863 votis
565 1835 595 1861 et
611 1831 786 1868 sull‘ragiis,
803 1839 927 1861 necnon
946 1830 1079 1868 plenarii
1101 1830 1229 1861 concilii
1250 1831 1376 1861 Patrum
1408 1831 1551 1861 omnium
1569 1838 1704 1860 consen·

77 1893 127 1921 su,
154 1883 256 1915 fuisse
285 1885 514 1914 renuntiatum.
546 1882 613 1912 Non
641 1881 727 1912 aliud
747 1881 843 1919 igilur
876 1881 951 1911 huic
979 1885 1095 1911 nostrie
1125 1880 1272 1918 Gregorii
1303 1889 1435 1920 operum
1466 1880 1600 1911 editioni
1631 1881 1705 1910 litu-

80 1936 143 1966 lum
178 1935 338 1974 praefigere
367 1933 489 1969 licebat,
517 1941 612 1971 quam
641 1932 695 1969 qui
726 1933 872 1970 prcelixus
901 1936 975 1961 est:
1003 1943 1015 1957 n
1033 1930 1138 1960 Sancti
1171 1930 1269 1960 Patris
1295 1931 1395 1961 nostri
1427 1931 1572 1968 Gregorii
1603 1930 1706 1960 Theo-

80 1985 163 2024 logi,
197 1983 428 2023 archiepiscopi
467 1981 813 2019 Constantinopolitani
827 2003 835 2018 ,
873 1990 980 2019 opera.
1014 1992 1027 2008 ιι
1062 1980 1154 2011 Hunc
1189 1980 1250 2010 sibi
1289 1980 1321 2010 in
1360 1982 1584 2019 manuscriptis
1626 1990 1706 2019 pens

79 2037 230 2067 omnibus
255 2036 424 2066 Orationes
458 2042 588 2070 omnes,
627 2032 711 2062 hune
748 2031 811 2062 sibi
848 2031 1016 2067 Carmina,
1051 2030 1136 2061 hune
1174 2030 1234 2060 sibi
1267 2030 1416 2069 Epistoloe
1459 2030 1586 2060 titulum
1627 2038 1699 2068 prae-

81 2085 234 2116 scribunt.

83 2171 96 2208 5
125 2170 161 2199 V.
195 2179 235 2199 nr.
264 2176 503 2203 aniruicocnio,
529 2176 594 2196 cml
625 2176 748 2200 runa,
776 2176 844 2196 ’rusi
871 2175 966 2201 FtLto,
993 2175 1143 2196 Erisroro
1171 2173 1350 2197 ιαοκιεκςι,
1381 2173 1527 2198 τοτιρυιῑ
1557 2172 1705 2193 oni-:Gonu

227 2218 378 2238 MATERNA
407 2216 620 2242 coannexa,
648 2216 688 2236 Αι)
714 2215 805 2241 Quasi
833 2215 1010 2235 riznrtxrtne
1037 2214 1270 2235 aniriiicocntus
1293 2213 1560 2233 neuoxs‘rimrcu.

123 2283 382 2323 Amphilochium
405 2281 508 2318 illum,
526 2281 617 2320 cujus
634 2289 715 2311 uxor
730 2281 819 2311 Livia
839 2280 911 2317 suit,
933 2281 970 2310 ab
988 2280 1147 2311 Iconiensi
1166 2279 1262 2318 liujus
1279 2277 1419 2308 nominis
1444 2276 1580 2315 praesule
1599 2276 1707 2305 diver-

85 2343 154 2366 sum
171 2334 280 2365 statuit
294 2334 421 2372 quidem
442 2334 489 2363 vir
504 2333 702 2364 clarissimus
718 2334 915 2363 Muratorius
936 2334 974 2363 in-
996 2333 1079 2363 notis
1110 2333 1147 2363 ad
1165 2330 1362 2371 epitaphium
1382 2338 1476 2364 xxxi,
1500 2337 1568 2367 pag.
1587 2329 1636 2358 31.
1665 2329 1704 2356 At

87 2385 164 2415 nihil
183 2385 237 2415 ille
253 2389 415 2421 proeterea‚
434 2392 491 2413 nec
511 2383 588 2413 eido
605 2383 774 2421 utriusque
792 2381 1007 2420 Amphilochii
1031 2390 1102 2411 cum
1122 2381 1276 2419 Gregorio
1297 2384 1406 2410 nostro
1433 2379 1707 2417 consanguinitate

85 2438 138 2465 aut
156 2426 298 2466 suboluit
320 2433 509 2473 quidquam,
533 2438 587 2465 aut
612 2439 698 2465 certe
718 2435 795 2474 quid
813 2434 947 2464 sentiret
969 2433 1016 2464 vir
1032 2433 1144 2463 doctus
1168 2440 1230 2462 non
1256 2433 1391 2470 aperuit.
1410 2432 1527 2461 Verum
1545 2428 1709 2467 Amphilo-

87 2482 192 2513 chium
214 2483 327 2518 lilium,
344 2482 461 2519 dequo
478 2483 508 2512 in
526 2483 818 2521 epigrammatibus,
836 2483 1035 2513 lconiensem
1057 2491 1127 2512 esse
1146 2482 1331 2520 episcopum
1352 2481 1594 2512 celeberrimum
1621 2478 1708 2508 illum

88 2541 123 2563 ac
155 2534 249 2572 vulgo
278 2542 316 2564 eo
336 2532 468 2563 nomine
490 2533 668 2570 cognitum,
685 2533 807 2562 tametsi
828 2532 946 2562 nonita
967 2531 1101 2562 sortasse
1117 2534 1258 2565 constet;
1275 2534 1397 2561 constat
1413 2535 1514 2560 tamen
1533 2527 1710 2557 certissima

89 2583 342 2622 Amphiloc-hies,
376 2584 414 2615 de
442 2583 560 2622 quihus
590 2583 642 2613 hic
677 2583 792 2620 agitur,
824 2582 978 2620 Gregorio
1010 2581 1166 2619 sanguino
1197 2580 1476 2619 conjunctissimos
1507 2577 1607 2606 fuisse
1632 2585 1639 2603 :
1677 2586 1711 2605 ac

90 2636 207 2670 patrem
225 2628 353 2670 quidem
373 2635 565 2666 avunculum
589 2635 748 2673 Gregorii,
765 2635 865 2664 lilium
884 2642 957 2665 vero
976 2632 1236 2672 Amphilochium
1261 2641 1299 2660 ex
1324 2631 1483 2661 avunculo
1506 2629 1634 2658 tratrem
1659 2632 1709 2657 aut

92 2684 274 2716 amitinum.
292 2685 383 2721 Quod
399 2691 594 2724 postremum
612 2687 665 2717 ubi
681 2687 932 2726 probaverimus,
951 2692 1068 2725 partem
1087 2685 1218 2715 alteram
1235 2683 1442 2721 attingemus.

130 2735 219 2766 Mitto
234 2736 508 2775 Amphilochium,
525 2737 740 2776 Amphilochii
770 2737 1004 2776 Eupliemiique
1028 2738 1203 2774 parentem,
1228 2737 1258 2763 et
1278 2729 1573 2770 Liviaeconjugem,
1604 2731 1713 2758 natum

128 2816 164 2848 (nl
186 2815 232 2849 Ep·
251 2816 262 2842 ¹
281 2816 310 2843 S.
326 2817 422 2848 Cle-u..
439 2826 463 2851 p.
481 2818 539 2851 ¹76,
554 2819 595 2846 eil.
614 2818 699 2846 coici.
967 2817 1001 2847 (c)
1021 2815 1098 2841 νοω.
1124 2815 1185 2840 tssut
1202 2820 1227 2841 ei
1245 2814 1319 2840 isus.

130 2852 165 2884 (b)
184 2850 261 2878 llom.
277 2859 313 2884 xi,
328 2853 360 2879 ad
378 2853 445 2886 Epli.
965 2854 1002 2883 til)
1026 2850 1100 2876 N'ers.
1123 2850 1198 2876 textit.
