1838 3046
89 146 139 173 559

87 250 185 282 Sirque
202 249 300 275 nullam
320 250 434 276 auditori
451 251 594 278 utilitatem
609 252 740 285 attuleris,
761 259 787 281 et
803 263 867 289 spe-

85 299 216 321 ctatorem
238 295 403 328 perdideris,
435 297 481 330 qui
505 297 632 323 nimirum
656 298 680 324 ei
698 299 769 333 quod
784 302 869 328 oculis

84 340 202 366 oblatum
224 341 327 372 cernit.
350 341 467 375 praebeat
481 350 631 369 assensum.
648 344 682 370 At
704 347 869 381 contempla-

85 386 166 413 tionis
181 387 289 420 quidem
304 387 378 414 locus
404 388 473 421 apud
491 395 536 414 eos
553 388 613 415 talis
627 393 686 421 est,
710 394 818 425 tamque
835 393 868 420 ab

84 431 275 466 hypothesibus
290 438 407 460 remotus
419 452 426 464 ,
444 437 471 459 ut
487 434 560 466 prius
575 433 666 460 onmia
683 435 754 462 inter
773 445 802 464 se
820 445 866 464 co-

84 478 177 512 pulare
192 480 251 513 quis
265 480 358 514 possit,
376 485 455 513 atque
475 487 506 505 ea
536 486 595 512 quae
618 479 698 514 longo
722 482 864 511 intervallo

84 525 215 558 disjuncta
247 530 326 556 sunt,
358 525 382 551 in
405 532 486 550 unum
509 525 662 559 adducere,
694 534 774 561 quam
793 533 821 556 ut
843 531 899 557 lime

85 570 207 601 affirmet,
230 572 352 605 figmenta
363 571 489 597 nimirum
505 577 634 598 eteorum
654 573 806 603 involucra.

120 618 199 646 CXX.
221 618 288 650 Quid
303 622 391 644 autem
413 617 513 645 dixeris
535 620 568 646 de
593 627 624 646 ea
647 621 765 655 ipsorum
783 623 865 650 disei-

85 664 162 697 plinat
178 669 261 697 parte,
277 671 336 697 quae
348 664 418 690 eirca
434 672 522 691 mores
542 667 685 692 versatur?
701 667 789 700 Unde,
806 675 832 696 et
852 678 866 696 a

85 709 181 743 quibus
192 710 271 735 rebus
289 709 436 741 ordientes,
453 710 604 745 quibusque
623 713 774 740 rationibus
791 719 868 740 uten-

86 758 136 785 tes,
154 753 185 778 ad
200 753 324 780 virtutem
336 761 381 780 eos
398 753 553 785 informare,
573 755 749 790 consiliisque
775 758 830 784 suis
843 762 868 784 et

85 798 224 833 praeceptis
246 807 325 833 quam
346 799 461 832 optimos
492 799 597 826 efficere
619 802 763 835 poterunt?
788 801 867 829 Verbi

85 845 170 879 gratia
185 853 191 870 2
207 845 307 878 optima
331 852 374 871 res
396 849 437 871 est
455 846 611 878 concordia,
629 846 731 881 optima
750 855 792 875 res
809 849 867 882 pari

85 891 237 917 animorum
251 898 383 917 consensu
398 890 468 917 inter
485 898 514 918 se
529 891 652 919 civitates
663 913 671 925 ‚
690 898 717 920 et
734 893 848 927 populos
860 914 867 926 ,

85 940 111 962 et
127 936 252 967 lainiliaS,
267 941 294 963 et
312 936 433 971 singulos
446 936 569 964 homines
580 938 669 972 jungi,
693 938 778 973 legem
794 939 870 966 vide-

86 982 149 1008 licet
177 982 352 1016 ordinemque
383 986 485 1009 naturae
506 987 665 1017 sequentes,
691 991 750 1018 quae
781 986 869 1011 onmia

85 1028 178 1054 divisit
188 1028 267 1055 simul
278 1033 359 1062 atque
371 1029 548 1059 constrinxit,
559 1037 589 1056 ac
606 1034 688 1056 totam
702 1030 770 1057 lianc
781 1039 869 1057 rerum

86 1072 197 1105 molem,
221 1074 348 1100 mundum
373 1083 454 1101 uuum
472 1082 504 1101 ex
523 1074 645 1109 pluribus
669 1077 750 1103 rebus
768 1076 869 1104 effecit.

86 1119 189 1152 Quibus
206 1124 294 1146 autem
312 1120 441 1154 exemplis
459 1121 509 1148 boc
524 1121 560 1148 illi
579 1122 732 1150 docebunt?
748 1125 788 1149 An
804 1123 870 1150 deo-

86 1173 144 1192 rum
169 1165 235 1192 bella
260 1172 418 1197 narrantes,
443 1173 470 1195 et
489 1168 620 1202 dissidia,
648 1174 675 1196 et
699 1169 869 1200 rebelliones,

86 1208 272 1244 malorumque
287 1211 504 1244 multitudinem,
525 1220 584 1247 quae
608 1214 732 1247 privatim
753 1214 801 1248 ipsi
825 1222 871 1248 pu-

86 1254 220 1290 bliceque,
239 1257 336 1290 partim
351 1257 410 1284 aliis
424 1258 551 1290 inserunt,
576 1260 673 1294 partim
686 1260 720 1286 ab
736 1260 796 1287 aliis
812 1268 870 1294 per-

87 1301 235 1334 petiuntur,
253 1302 330 1337 145
344 1303 439 1337 quibus
451 1311 543 1331 omnes
560 1304 615 1332 sere
633 1305 752 1332 historiae
767 1311 794 1333 et
809 1314 871 1340 poe-

87 1351 157 1372 mata
170 1347 247 1381 plena
261 1349 342 1374 sunt?
356 1348 441 1376 Citius
454 1351 572 1384 profecto
583 1358 615 1377 ex
629 1352 731 1386 pacatis
745 1352 870 1383 bellaces,

86 1398 112 1419 et
140 1400 172 1420 ex
206 1394 372 1427 sapientibus
399 1395 530 1422 excordes
554 1404 584 1423 ae
614 1396 762 1429 dementes,
793 1404 870 1430 qnam

87 1444 180 1466 contra
205 1447 237 1466 ex
258 1440 404 1467 audacibus
429 1446 456 1468 et
471 1441 575 1468 stolidis
610 1443 762 1470 moderatos
792 1448 872 1477 atque

88 1486 233 1520 prudentes
251 1486 403 1519 hujusmodi
421 1488 552 1522 exemplis
573 1489 747 1516 reddiderint.
766 1489 870 1516 Etenim

699 153 726 179 S.
749 153 911 181 GltEGORll
932 154 1104 186 THEOLOGl

87 203 217 233 cernitur,
243 203 371 237 majorem
398 211 432 231 au
457 206 670 239 persuadendum
693 208 746 235 vim
776 211 865 237 habet.
883 214 904 242 Α
919 221 1070 248 γενομενον.

1653 166 1702 192 660

1094 216 1162 242 Ἀλλ’
1175 217 1188 242 ὁ
1201 217 1248 251 μὲν
1262 217 1426 254 θεωρητικὸς
1439 219 1519 250 τόπος
1539 220 1597 256 (58)
1610 222 1700 254 αὐτοῖς

920 260 1048 294 τοιοῦτος,
1064 263 1109 288 καὶ
1123 263 1193 289 οὕτω
1209 265 1302 299 πόρρω
1319 265 1372 290 τῶν
1390 265 1553 298 ὑποθέσεων,
1567 268 1603 298 ὡς
1616 269 1702 294 πάντα

920 305 1050 341 πρότερον
1065 306 1133 334 εἶναι
1152 310 1299 344 συμὸαλεῖν
1320 310 1376 345 (59)
1397 310 1530 346 ἀλλήλοις,
1555 313 1601 338 καὶ
1619 314 1658 344 εἰς
1674 314 1702 338 ἓν

919 350 1031 384 ἀγαγεῖν
1044 353 1076 378 τὰ
1095 354 1191 390 μακρῷ
1209 356 1410 390 κεχωρισμένα,
1427 356 1443 389 ἣ
1466 356 1551 382 ταῦτα
1569 357 1702 383 συνθεῖναι

919 395 964 420 καὶ
982 399 1159 432 συναρμόσαι,
1179 401 1223 426 καὶ
1242 401 1287 426 τοῦ
1305 401 1386 426 αὐτοῦ
1400 401 1495 435 ἀνδρὸς
1514 400 1581 427 εἶναι
1605 403 1701 436 φῆσαι.

917 440 951 465 τὰ
979 442 1187 479 μυθολογήματα
1213 455 1240 472 τε
1271 447 1343 480 λέγω
1379 448 1432 481 (60)
1459 448 1505 473 καὶ
1538 447 1571 473 τὰ
1601 448 1702 473 σκεπά-

920 495 1021 520 σματα.

933 540 1075 568 componat
1105 542 1183 571 atque
1208 539 1347 570 conciliet,
1373 539 1546 574 ejusdemque
1571 539 1619 566 viri
1645 546 1704 567 esse

955 626 1017 651 PK'.
1035 625 1065 651 Τί
1076 625 1097 650 δ’
1110 626 1142 652 ἂν
1155 628 1241 658 εἴποις
1254 628 1370 663 περὶτοῦ
1384 628 1479 663 ἠθικοῦ
1491 629 1588 664 μέρους
1600 629 1703 658 aea-»mx

919 671 1014 702 Πόθεν,
1034 671 1080 696 καὶ
1092 672 1123 697 ἐκ
1137 672 1216 697 τίνων
1230 673 1284 706 (61)
1310 673 1477 708 ὁρμώμενοι,
1493 675 1539 700 καὶ
1564 675 1617 700 τίσι
1633 674 1703 709 χρώ-

922 725 995 751 μενοι
1015 717 1112 751 λόγοις,
1132 717 1258 744 πλάττειν
1273 719 1369 750 αὐτοὺς
1387 722 1426 751 εἰς
1451 721 1550 756 ἀρετὴν
1580 721 1704 755 δυνήσον-

919 771 974 794 ται,
1000 763 1045 788 καὶ
1062 763 1186 790 πλείστου
1208 766 1292 790 ποιεῖν
1303 765 1392 796 ἀξίους
1411 768 1469 797 ταῖς
1496 767 1703 801 παραινέσεσιν;

925 808 1050 842 ’Ἄριστον
1063 809 1182 843 ὁμόνοια,
1194 810 1239 835 καὶ
1250 810 1280 835 τὸ
1296 813 1457 845 συμφρονεῖν
1470 812 1591 847 ἀλλήλοις
1603 813 1703 845 πόλεις,

885 866 905 892 B
922 856 968 881 καὶ
981 856 1091 890 δήμους,
1110 857 1156 882 καὶ
1169 856 1269 887 οἰκίας,
1283 857 1329 883 καὶ
1342 859 1403 888 τοὺς
1414 858 1474 884 καθ’
1490 859 1614 889 ἕκαστον,
1631 860 1704 894 νόμῳ

922 901 967 927 καὶ
979 901 1174 935 τάξειέφύσεως
1188 902 1348 936 ἑπομένους,
1370 903 1387 937 ἢ
1403 903 1491 929 πάντα
1513 903 1591 929 διεῖλέ
1614 912 1642 929 τε
1658 904 1706 929 καὶ

922 948 1059 983 συνέδησε,
1079 948 1167 974 καὶτὸ
1183 949 1236 974 πᾶν
1251 949 1328 974 τοῦτο
1346 949 1446 984 κόσμον
1459 949 1507 975 ’ένα
1523 951 1553 975 ὲκ
1577 949 1705 975 πλειόνων

922 994 1063 1028 πεποίηκε.
1080 994 1139 1020 Τίσι
1154 994 1232 1020 τοῦτο
1245 994 1393 1027 διδάξουσιν
1409 995 1603 1029 ὑποδείγμασιν
1616 1004 1623 1027 3
1634 993 1706 1030 Ἀρα

921 1040 983 1071 τοὺς
1000 1040 1134 1075 πολέμους
1147 1039 1272 1073 λέγοντες
1286 1040 1340 1066 τῶν
1358 1040 1436 1072 Θεῶν,
1452 1041 1498 1066 καὶ
1519 1041 1566 1071 τὰς
1587 1040 1704 1071 στάσεις,

922 1086 1028 1117 καὶτὰς
1045 1086 1254 1117 ἐπαναστάσεις,
1273 1086 1321 1112 καὶ
1334 1086 1387 1112 τῶν
1400 1086 1493 1111 κακῶν
1508 1086 1536 1111 τὸ
1549 1085 1658 1120 πλῆθος,
1669 1083 1706 1111 ὧν

922 1132 997 1158 αὐτοί
1012 1141 1041 1158 τε
1055 1133 1155 1167 ἔχουσι,
1173 1132 1220 1158 καὶ
1238 1132 1361 1167 ἀλλήλοις
1379 1131 1433 1165 (602)
1458 1131 1633 1166 παρέχουσιν,
1654 1132 1707 1166 ἰδία

922 1187 950 1204 τε
965 1179 1011 1205 καὶ
1027 1179 1155 1213 δημοσίᾳ,
1181 1175 1218 1204 ὧν
1244 1177 1341 1213 μικροῦ
1359 1179 1432 1203 πᾶσα
1449 1178 1624 1212 πεπλήρωται
1641 1185 1705 1210 συγ-

923 1225 1013 1259 γραφή
1025 1233 1053 1250 τε
1062 1224 1108 1249 καὶ
1120 1223 1243 1258 ποίησις;
1261 1223 1361 1249 Θᾶττον
1376 1223 1424 1258 μέν
1434 1223 1457 1248 τ’
1471 1222 1503 1248 ἂν
1519 1221 1548 1253 ἐξ
1562 1221 1707 1256 εἰρηνικῶν

924 1269 1067 1303 μαχίμους,
1085 1269 1131 1294 καὶ
1144 1268 1323 1302 παραπλῆγας
1338 1268 1399 1294 ιὶιντλ1
1414 1267 1512 1301 σοφῶν,
1524 1267 1540 1301 ἢ
1553 1266 1707 1292 τούναντίον

925 1315 1050 1349 μετρίους
1071 1314 1116 1340 καὶ
1135 1313 1275 1348 σώφρονας
1289 1313 1350 1340 ἀντὶ
1361 1313 1483 1347 Θρασέων
1505 1312 1551 1338 καὶ
1577 1311 1706 1338 ἀπαιδεύ-

922 1367 975 1384 των
997 1359 1052 1389 τοῖς
1077 1358 1207 1389 τοιούτοις
1224 1358 1257 1384 ἂν
1283 1358 1443 1392 ἐργάσαιντο
1478 1356 1706 1391 παραδείγμασιν.

923 1403 976 1435 Οὓς
992 1404 1046 1438 γὰρ
1062 1404 1108 1429 καὶ
1119 1404 1178 1438 δίχα
1195 1403 1248 1429 τῶν
1261 1403 1299 1434 είς
1310 1403 1339 1428 τὸ
1350 1404 1439 1437 χεῖρον
1452 1402 1583 1428 ἑλκόντων
1593 1401 1708 1436 χαλεπὸν

924 1450 1136 1486 μεταθεῖναι(65)
1146 1449 1252 1480 κακίας,
1263 1450 1309 1475 καὶ
1319 1449 1384 1484 πρὸς
1392 1449 1440 1483 τὴν
1449 1448 1566 1482 κρείσσω
1576 1446 1708 1481 μεταστῆ-

924 1505 968 1521 σαι
990 1496 1086 1530 μοῖραν
1096 1495 1149 1521 ἀπὸ
1162 1495 1210 1529 τῆς
1221 1494 1350 1529 χείρονος,
1364 1493 1474 1524 τούτους
1490 1493 1530 1523 τίς
1547 1493 1579 1518 ἂν
1591 1493 1708 1518 πείσειεν

87 1538 174 1564 quos,
198 1532 309 1558 remotis
328 1532 409 1558 etiam
435 1533 559 1560 vitiorum
592 1534 743 1567 illecebris,
770 1542 783 1561 a
804 1536 872 1562 malo
887 1537 907 1565 C
925 1542 1043 1576 ἡμέρους
1068 1539 1137 1566 εἶναι
1153 1540 1199 1566 καὶ
1216 1539 1375 1570 καθεκτοὺς,
1396 1540 1465 1570 θεοῖς
1478 1538 1634 1573 χρωμένους
1651 1538 1707 1570 (tit)

87 1581 226 1610 avertere,
260 1581 339 1611 atque
365 1585 378 1603 a
404 1578 529 1606 deteriori
560 1585 636 1614 parte
669 1581 702 1607 ad
731 1581 870 1608 meliorem

88 1623 230 1649 traducere
254 1623 358 1650 difficile
379 1628 430 1655 est,
449 1625 508 1658 quis
524 1625 629 1652 tandem
645 1625 696 1657 his,
719 1631 747 1652 ut
774 1627 871 1660 placidi

86 1673 114 1694 et
137 1669 266 1695 moderati
291 1669 364 1703 sint,
388 1671 569 1704 persuaserit;
591 1679 651 1697 cum
679 1672 743 1699 deos
761 1673 871 1700 vitiosa-

88 1722 146 1741 rum
160 1714 330 1741 affectionum
354 1715 436 1742 duces
463 1720 489 1742 et
512 1721 639 1745 patronos
662 1717 794 1744 babeant:
827 1719 871 1745 nbi

87 1761 213 1788 vitiosum
228 1768 298 1791 esse.
311 1769 362 1787 non
379 1762 455 1788 modo
468 1770 519 1788 non
533 1767 618 1796 turpe,
633 1763 679 1789 sed
693 1762 870 1791 honorificum

87 1807 167 1832 etiam
182 1806 349 1833 existimatur
371 1807 478 1841 (utpote
504 1808 613 1835 deorum
633 1808 747 1842 aliquem
777 1810 868 1837 defen-

87 1860 176 1880 sorem
194 1862 225 1881 ae
239 1859 380 1888 patronum
398 1863 552 1887 assumens,
571 1857 616 1891 qui
629 1857 723 1884 vitiosa
743 1858 792 1885 bac
806 1858 869 1885 affe-

923 1586 1029 1620 ὁδηγοῖς
1051 1586 1104 1611 τῶν
1124 1585 1219 1611 παθῶν
1237 1584 1283 1610 καὶ
1298 1583 1482 1618 προστάταις·
1504 1582 1568 1608 ἔνθα
1578 1582 1607 1608 τὸ
1624 1582 1707 1607 κακον

923 1630 991 1657 εἶναι
1011 1631 1057 1657 καὶ
1071 1632 1170 1665 τίμιον,
1185 1630 1221 1660 ὡς
1243 1629 1311 1655 θεῶν
1324 1638 1384 1654 τινα
1400 1627 1613 1663 προϊστάμενον,
1637 1625 1665 1654 οὗ
1678 1628 1708 1652 τὸ

924 1676 1009 1706 πάθος
1031 1676 1088 1701 ἐστὶ
1113 1675 1215 1709 βωμοῖς
1230 1683 1260 1700 τε
1276 1674 1322 1699 καὶ
1348 1673 1453 1704 θυσίαις
1476 1672 1640 1707 τιμώμενον,
1662 1672 1708 1697 καὶ

924 1721 1079 1756 παρρησίαν
1093 1720 1204 1755 εἰληφὸς
1230 1720 1342 1753 ἐ’ννομον
1354 1727 1360 1749 ;
1381 1718 1466 1744 Τοῦτο
1478 1718 1532 1753 γὰρ
1547 1718 1576 1744 τὸ
1588 1717 1707 1743 δεινότα-

922 1776 982 1799 τον,
1003 1767 1042 1792 ὅτι
1069 1766 1086 1792 ὃ.
1109 1768 1164 1796 τοῖς
1190 1766 1282 1800 νόμοις
1306 1764 1458 1795 κολάζεται,
1483 1763 1569 1789 ταῦτα
1589 1763 1627 1795 ὡς
1649 1763 1708 1789 θεῖα

924 1814 1029 1840 σε’ἥεται
1058 1813 1129 1847 (65)·
1146 1811 1264 1846 τοσαύτη
1287 1820 1327 1842 τις
1346 1811 1409 1845 ὑμῖν
1428 1810 1478 1844 τῆς
1498 1809 1602 1840 ἀδικίας
1619 1810 1636 1844 ἡ
1661 1817 1707 1834 πε-

923 1859 1041 1896 ριουσία.

88 1901 176 1928 ctione
188 1901 313 1935 laboret),
328 1907 407 1937 atque
422 1904 475 1930 aris
491 1907 518 1930 et
529 1903 668 1931 sacrificiis
683 1909 802 1937 ornatur,
819 1905 1017 1940 legitimamque
1037 1906 1185 1932 libertatem
1208 1909 1315 1932 nactum
1330 1905 1388 1932 est?
1403 1903 1458 1931 noc
1483 1904 1554 1931 enim
1587 1902 1706 1930 omnium

89 1950 304 1984 indignissimum
316 1956 373 1983 est,
390 1952 476 1986 qnod,
492 1958 550 1985 quae
566 1951 668 1985 legibus
683 1952 865 1986 vindicantur,
878 1961 907 1980 ea
933 1954 987 1986 illi,
1014 1958 1043 1980 ut
1062 1954 1163 1986 divina,
1182 1957 1364 1979 venerentur:
1383 1955 1455 1978 tanta
1477 1955 1517 1977 est
1541 1950 1610 1984 apud
1636 1949 1707 1982 ipsos

89 1995 225 2030 injustitiae
249 1997 356 2023 ubertas
390 2001 418 2022 et
444 1996 601 2031 amplitudo.

124 2044 217 2070 CXXl.
238 2045 371 2075 Secundo,
385 2045 469 2071 bonor
488 2048 514 2069 et
529 2044 678 2070 reverentia
696 2051 759 2078 erga
776 2052 869 2078 paren-

90 2095 129 2117 tes
144 2090 209 2123 ipsis
224 2095 388 2124 proponatur
405 2099 411 2116 ;
430 2089 564 2122 illudque,
581 2089 696 2123 primam
711 2095 786 2117 ortus
804 2098 869 2117 eau-

89 2143 146 2162 sam
159 2136 250 2162 statim
269 2140 328 2170 post
344 2135 458 2169 primam
479 2134 619 2161 colendam
638 2142 669 2160 ae
689 2136 868 2162 venerandam

89 2188 167 2207 esse:
184 2181 233 2207 boc
247 2185 274 2208 et
286 2181 355 2207 ratio
368 2180 480 2211 doceat,
501 2183 529 2206 et.
545 2179 676 2213 theologia
700 2182 869 2214 persuadeat.

90 2227 186 2259 Quidni
203 2232 292 2253 autem
310 2227 360 2252 boc
371 2225 505 2252 Saturnus
520 2226 691 2259 persuadeat,
705 2226 780 2253 Coelo
797 2227 871 2261 geni-

93 2273 159 2300 tales
173 2278 263 2307 partes
281 2277 433 2307 amputans,
454 2278 487 2298 ne
502 2270 567 2298 deos
588 2272 697 2307 gignat,
717 2281 808 2300 rerum
822 2274 871 2301 lioc

128 2365 183 2399 (58)
209 2366 310 2398 Τόπος.
336 2366 400 2398 Reg.
419 2374 433 2391 ιι
447 2387 453 2397 ,
476 2365 591 2392 Montac.
611 2370 638 2392 et
654 2365 736 2392 Suvil.
754 2365 851 2399 τρόπος
864 2385 870 2395 ,
887 2367 910 2395 1)

93 2410 101 2425 ι
118 2401 221 2426 modus.
244 2410 252 2426 ι

124 2435 179 2468 (59)
197 2436 373 2469 Σιμίῖαλεῖν.
388 2436 463 2462 Coit».
487 2435 518 2467 k,
534 2435 706 2469 συμ6αλλειν.
727 2435 807 2462 Mont.
823 2443 867 2469 γρ.

90 2469 259 2504 «afflatum.
277 2471 312 2496 lta
335 2471 398 2505 lleg.
414 2471 420 2496 l
434 2472 458 2496 in
473 2475 558 2497 textu.

127 2506 181 2538 (60)
199 2505 437 2540 Μυθολογήματά
462 2514 492 2531 τε
519 2504 604 2538 λέγω.
630 2505 724 2534 Deest,
750 2505 820 2538 λέγω
843 2505 867 2530 ἰιι

90 2540 164 2566 Pass.
184 2541 227 2574 qui
245 2549 306 2566 mox
324 2550 381 2574 pro,
401 2540 589 2574 σκεπάσματα,
603 2540 691 2571 habet,
712 2540 866 2574 τκέμματα,

91 2585 102 2599 ι
121 2575 343 2607 excogitationes.
360 2585 367 2600 ι

125 2610 181 2642 (61)
202 2610 254 2636 Καὶ
272 2611 305 2635 ἐκ
324 2611 421 2636 τίνων.
439 2610 493 2636 Non
510 2610 596 2643 pauci.
620 2610 672 2634 κάκ
689 2610 777 2635 τίνων.

127 2645 182 2678 (Οὲ)
206 2645 369 2677 Ἀλλήλως.
393 2655 402 2670 ‹
421 2646 496 2675 Puto,
513 2653 520 2669 ι
535 2645 572 2670 ait
587 2644 688 2675 Billius,
704 2645 801 2675 ἄλλοις.

126 2680 180 2713 (65)
196 2680 378 2706 Metalla-frat.
389 2681 454 2715 tteg.
467 2680 514 2711 liu,
535 2679 608 2705 Colb.
625 2679 650 2709 5,
665 2680 736 2710 Am..
755 2680 870 2714 {lesa-ag.

92 2715 268 2748 μεταστῆσαι.

127 2749 181 2781 tot)
194 2750 275 2781 Θεοῖς
290 2750 468 2784 χρωμένους,
484 2754 536 2775 etc.
552 2748 714 2781 Augustinus
737 2749 781 2774 lil).
804 2757 830 2775 ιι,
847 2757 870 2774 c.

93 2784 118 2813 7.
134 2783 169 2809 De
183 2785 280 2809 civitat.
294 2786 351 2814 Hei,
367 2785 458 2810 eadem
475 2783 616 2817 gentilibus
625 2783 716 2816 objicit
732 2791 737 2807 :
752 2793 760 2807 ι
773 2784 872 2809 Omnes

93 2818 208 2844 cultores
223 2819 313 2845 talium
332 2820 453 2849 deornm,
479 2818 572 2850 inquit,
592 2825 648 2843 mox
675 2822 702 2843 ut
723 2826 768 2843 eos
791 2818 871 2843 libido

91 2853 223 2888 pepulerit
241 2854 363 2885 fervenu,
379 2853 794 2885 mauronius,1111c2av01101m,
815 2861 869 2878 ma-

960 2045 1045 2070 PKA'.
1065 2043 1194 2077 Δεύτερον
1217 2043 1306 2073 αὐτοῖς
1330 2041 1483 2077 προκείσθω
1506 2041 1605 2075 γονέων
1628 2040 1706 2072 αἰδὼς

924 2090 969 2116 καὶ
986 2089 1061 2124 τιμὴ,
1083 2088 1171 2114 καὶτὸ
1186 2089 1233 2121 τὴν
1254 2087 1365 2122 πρώτην
1391 2087 1445 2122 (66)
1465 2086 1553 2112 αἰτίαν
1572 2085 1618 2111 τοῦ
1639 2083 1706 2111 εἶναι

924 2136 1011 2162 σε’ὄειν
1028 2135 1095 2170 μετὰ
1109 2134 1156 2169 τὴν
1173 2133 1297 2168 πρὼτηψ
1316 2133 1393 2160 τοῦτο
1413 2134 1467 2167 (67)
1487 2133 1532 2158 καὶ
1553 2132 1630 2165 λόγος
1648 2133 1705 2157 εἰσ,

923 2180 1042 2216 ηγείσθω
1064 2179 1129 2214 (68),
1153 2178 1198 2204 καὶ
1224 2177 1345 2211 θεολογία
1373 2176 1498 2202 πειθέτω.
1529 2175 1590 2206 Πῶς
1623 2175 1650 2200 δὲ
1674 2173 1703 2199 οὐ

925 2226 1010 2252 πείσει
1027 2225 1129 2259 Κρόνος
1141 2223 1258 2259 Οὐρανὸν
1282 2223 1414 2258 ἐκτεμὼν,
1432 2223 1464 2248 ἰ’ν“
1479 2222 1573 2254 ἄγονος
1590 2219 1606 2256 ᾖ
1626 2220 1703 2250 θεῶν,

925 2274 971 2300 καὶ
992 2272 1028 2307 δῷ
1043 2272 1160 2306 κύμασιν
1182 2270 1342 2297 ἀποτελέσαι
1363 2269 1432 2300 θεὸν,
1455 2267 1542 2302 ἀφροῦ
1566 2265 1701 2300 γέννημα·

924 2363 963 2396 gis
975 2363 1122 2394 intuentur,
1137 2361 1199 2395 quid
1212 2361 1315 2393 Jupiter
1340 2355 1442 2395 fecerit,
1461 2362 1540 2388 quam
1557 2352 1627 2386 quod
1640 2387 1644 2392 Α
1655 2352 1703 2379 do-

924 2398 1011 2424 cuerit
1039 2397 1122 2426 l’lato‚
1147 2396 1187 2422 vel
1203 2396 1270 2421 Cato
1289 2395 1433 2420 censuerit.
1459 2399 1467 2414 ι
1490 2387 1595 2427 Profert
1612 2392 1702 2427 etnim,

923 2434 992 2459 iuter
1015 2432 1077 2462 alia,
1103 2431 1164 2457 illud
1190 2428 1342 2457 Terentiani
1370 2426 1487 2455 Chen-ean,
1514 2430 1703 2463 ποιητικῇ-ιιι

923 2468 1053 2501 flagitiosa
1082 2467 1189 2493 libidine
1201 2469 1363 2492 versaretur,
1386 2469 1395 2484 ι
1419 2459 1482 2485 deos
1498 2466 1527 2485 se
1543 2463 1641 2484 imitari
1661 2465 1704 2490 Ja-

922 2512 930 2528 (
939 2503 1199 2569 Ιι(ἓξ)Ἰἑολάζῖνεται..
1212 2533 1337 2560 σέὸεται.
1348 2530 1414 2564 Reg.
1426 2537 1450 2559 x,
1461 2528 1541 2555 Mont.
1554 2527 1701 2558 κολάζετε..

923 2573 1023 2642 σέῗῖὶέ).
1037 2606 1166 2640 Πρώτην.
1195 2603 1306 2632 Mallem,
1330 2599 1467 2633 δευτέραν,
1487 2608 1494 2623 ι
1518 2598 1672 2637 secundam,
1692 2605 1700 2620 ι

924 2643 992 2673 Mox,
1018 2641 1084 2676 μετὰ
1112 2641 1160 2673 τὴν
1192 2638 1310 2673 πρώτην.
1341 2635 1401 2661 Par.
1435 2634 1565 2673 emadan
1602 2640 1702 2670 αιτιαν,

924 2685 1003 2711 quam
1021 2683 1110 2702 vocem
1127 2674 1284 2703 delevimus,
1301 2676 1390 2705 utpote
1404 2677 1462 2702 quse
1480 2676 1505 2694 ιιι
1524 2668 1595 2694 nullo
1611 2666 1702 2692 codice

941 2720 955 2731 ΙΙ

923 2714 938 2738 h
949 2717 1027 2779 52:²1¹)
1043 2744 1141 2771 Τοῦτο.
1162 2743 1240 2769 Deest
1270 2743 1295 2767 in
1325 2741 1427 2768 duobus
1453 2740 1517 2772 neg.
1540 2740 1703 2768 totidemque

920 2783 994 2807 (loll).

957 2816 1011 2845 (list)
1043 2815 1131 2847 Asyr(
1161 2812 1336 2846 μῑβηῖψίνθω

921 2852 984 2877 σθω.

1382 2810 1454 2837 l'ass.
1480 2810 1494 2834 ὁ
1522 2807 1597 2839 λόγος
1625 2805 1700 2838 ‘'We‘'
