1838 3046
74 114 104 140 61
565 117 753 144 Pnffittt'rto
773 117 974 144 GtzxfittatAS.
998 134 1029 137 —-
1049 117 1137 155 Pius
1158 118 1188 143 ΙΙ.
1659 113 1692 138 (5⁹-

77 184 91 200 α
110 173 254 207 concine,
274 180 395 211 qtthO,
413 175 577 208 ornatum;
605 175 765 211 tugurium
788 174 933 204 videlieet
961 178 989 203 et
1017 177 1098 203 tecto
1126 177 1154 202 et
1178 172 1285 211 januis
1305 180 1426 206 carens,
1443 171 1546 200 tiu-‚um
1565 169 1646 205 iguis
1663 171 1691 196 et

74 236 87 250 α
106 225 185 254 sumi
206 227 377 262 expertem,
400 223 533 263 parietes
554 225 626 261 igne
647 226 834 261 exsiccatos,
850 236 887 256 ne
908 226 962 255 luti
995 226 1092 263 guttis
1115 226 1316 262 impetamur,
1337 222 1477 253 'l'antnlis
1495 220 1628 253 similes,
1643 227 1691 248 ea-

74 285 89 302 «
106 276 241 314 demque
267 284 355 314 poena
377 275 512 310 multati.
544 276 696 306 nimirum
718 277 748 306 iu
776 278 865 316 aquis
893 277 1050 311 sitientes,
1068 276 1262 306 miserandas
1287 275 1354 304 illas
1382 274 1491 312 epulas
1509 271 1691 310 etjejiirin<‚

74 338 87 353 a
105 327 142 356 ad
162 336 240 366 quas
259 336 274 356 e
291 327 498 366 Cappadocia,
517 336 579 357 non
600 330 750 365 tauquam
772 329 808 357 ad
840 330 1096 368 Lotopliagnrum
1122 329 1348 366 paupertatem,
1364 325 1416 354 sed
1438 323 1532 352 veluti
1554 322 1590 351 ad
1611 321 1692 350 Alci-

74 387 88 404 α
107 377 159 407 noi
176 386 330 414 mensam,
348 387 404 408 nos
427 379 500 409 novi
516 383 546 409 et
573 381 742 410 mrumnosi
764 380 905 419 naufragi
932 380 1033 410 vocati
1049 388 1172 409 sumus.
1190 377 1319 408 Memini
1342 376 1426 405 enim
1444 383 1539 412 panes
1569 373 1638 401 illos
1662 374 1691 400 et

75 440 87 455 α
103 429 242 473 jitseiila,
261 431 306 461 sic
328 432 411 461 enim
434 432 692 467 nominabantur.
714 441 904 471 semperque
933 433 1122 464 meminero.
1139 431 1289 460 «lentibus
1307 428 1387 455 ciri-a
1406 426 1577 463 fragmenta
1595 421 1690 451 eolla—

75 490 88 505 α
107 480 323 515 noscentibus.
341 490 374 511 ac
398 486 506 518 postca
534 483 661 516 erectis,
678 482 830 520 velutque
848 492 864 512 o
881 491 970 512 coeno
998 482 1157 516 retractis;
1178 489 1248 517 quw
1267 476 1445 508 sublimius
1468 478 1497 502 ¹¹¹
1518 472 1690 509 amplitica-

73 540 87 555 a
108 529 168 563 bis.
187 530 322 569 propriis
348 530 576 559 calamitatibus
599 530 745 560 videlicet
763 531 918 560 orationis
947 530 1193 567 magnitudinem
1221 528 1275 558 tibi
1300 524 1585 566 suppeditantibus.
1610 522 1692 557 0¹¹5·

74 589 87 605 «
108 579 167 609 bus
185 579 244 608 nisi
258 579 308 609 illa
324 588 444 617 magna,
458 582 486 608 et
505 587 681 616 pauperum
698 588 770 608 vere
786 579 945 613 studiosa,
963 583 1062 609 mater
1079 583 1129 608 tua
1149 587 1204 608 nos
1221 587 1314 616 quam
1332 575 1497 606 celerrimus
1514 573 1690 605 libem-580¹,

74 640 88 654 α
107 629 261 667 nobisque
283 632 466 668 tempestate
479 628 604 666 jactatis
629 629 715 658 velut
735 633 844 667 portus
858 629 1031 658 exstitisset
1047 639 1053 661 :
1069 628 1253 666 jampridem
1278 627 1359 666 apud
1386 626 1474 655 vivos
1492 632 1561 653 esne
1578 622 1691 651 desiis-

72 688 87 704 α
105 686 224 711 semus.
254 678 324 709 [idei
345 679 480 708 Ponticoe
505 679 636 709 nomine
660 686 724 708 non
741 678 892 716 majorem
916 678 1041 708 laudem
1060 681 1306 715 consequentes,
1325 685 1419 715 quam
1446 672 1688 704 miserationem

72 737 86 755 οι
105 731 269 758 moventes
286 728 337 767 (a).
358 740 372 755 ι)

110 776 182 806 llmc
209 776 281 807 licet
307 778 380 816 joco
409 778 605 817 Gregorius,
632 778 714 809 seria
743 781 846 808 tamen
870 778 1032 808 describit.
1058 778 1179 814 Quanta
1201 777 1282 807 enim
1304 778 1374 807 vitre
1395 775 1588 809 austeritate,
1618 781 1688 803 cum

70 826 149 864 ipse,
170 830 235 856 tum
257 828 362 857 coeteri
383 829 529 858 monachi
548 828 688 858 eunnlem
707 827 913 857 solitudinem
935 827 1110 857 incolentes
1130 826 1279 862 vixerint,
1310 835 1347 856 ex
1372 826 1433 861 bis,
1454 833 1524 863 quse
1554 824 1592 854 de
1626 822 1686 852 sibi

69 876 221 915 subjectis
241 877 405 908 monachis
421 879 457 908 ad
477 877 660 908 Hellenium
688 877 808 912 scribit,
827 878 902 906 satis
928 876 1106 915 apparetur)
1130 887 1136 905 ε
1158 888 1170 902 (ι
1192 877 1253 914 ipsi
1269 876 1366 911 enim,
1383 875 1498 913 inquil,
1516 873 1627 912 partim
1658 872 1690 901 in

68 926 167 955 antris
198 927 427 966 solitariisque,
449 929 532 958 etad
560 933 672 959 terram
694 927 799 957 stratis
830 927 1027 966 rudibusque
1059 927 1220 957 cubilibus
1257 926 1471 960 delectantur-3
1495 933 1509 954 a
1541 923 1691 953 domibus

68 975 252 1020 abhorrent,
269 982 499 1016 cognatamque
518 978 654 1009 ccelestis
674 977 839 1015 sapientiai
857 978 996 1016 quietem
1015 978 1275 1016 amplectuntur:
1296 976 1406 1014 partim
1431 974 1543 1004 ferreis
1563 981 1692 1011 compe-

69 1024 162 1055 dibus
180 1035 250 1056 sese
271 1029 467 1062 excruciant,
486 1032 519 1058 ut
541 1028 652 1057 vitium
670 1036 732 1057 una
765 1036 835 1057 cum
863 1035 995 1062 corpore
1013 1028 1192 1057 conficiant.
1211 1027 1272 1056 Alii
1305 1034 1428 1055 rursum
1460 1025 1598 1054 serarum
1629 1024 1689 1053 ritu

73 1077 178 1114 parvis
198 1079 411 1118 angustisque
429 1080 579 1110 domibus
605 1078 734 1114 inclusi,
754 1088 792 1109 ne
811 1079 951 1108 mortalis
969 1079 1099 1117 quidem
1121 1079 1301 1116 cujuspiam
1323 1079 1444 1107 vultum
1470 1076 1639 1114 aspiciunt,
1655 1084 1690 1104 ae

67 1135 150 1165 soepe
165 1129 257 1159 etiam
277 1125 358 1160 totos
386 1130 497 1168 viginti
518 1130 600 1166 dies,
627 1130 824 1169 totidemque
857 1134 977 1165 noctes,
999 1138 1014 1159 a
1033 1129 1103 1159 cibo
1132 1130 1305 1164 abstinent,
1323 1129 1519 1166 dimidiaque
1550 1136 1586 1157 ex
1605 1130 1690 1165 parte

67 1177 184 1208 Christi
208 1180 362 1218 jejunium
389 1181 572 1217 imitantur3
601 1185 702 1220 utque
724 1181 872 1211 nonnihil
900 1181 968 1218 ipse
995 1180 1121 1217 gloriosi
1142 1181 1321 1217 prawlicem,
1336 1180 1463 1218 quidam
1483 1179 1608 1208 illorum
1626 1177 1686 1206 mei

67 1229 173 1267 gregis
191 1237 259 1260 ovis
281 1235 357 1267 erat,
372 1231 447 1262 binc
471 1240 567 1270 parvo
584 1233 721 1270 quodam
736 1232 854 1271 oppido
872 1239 1033 1270 egressus.
1048 1231 1127 1259 Sunt
1147 1230 1279 1268 insuper
1295 1230 1349 1268 qui
1368 1229 1524 1267 garrulam
1547 1228 1686 1265 linguam

66 1281 158 1317 quasi
197 1279 331 1310 vinculis
360 1282 551 1320 quibusdam
590 1282 784 1320 astringunt,
815 1281 960 1319 labiaque
993 1281 1122 1311 silentio
1151 1280 1382 1318 comprimunt,
1417 1286 1613 1316 summaeque
1640 1277 1684 1306 illi

66 1329 163 1358 Menti
183 1328 285 1359 laudis
306 1331 496 1361 sacrificium
521 1331 587 1361 sola
613 1336 719 1361 mente
749 1332 898 1361 offerunt.
930 1332 985 1360 Est
1009 1331 1101 1360 etiam
1133 1331 1187 1368 qui
1218 1339 1319 1360 annos
1346 1330 1486 1367 integros
1513 1329 1543 1357 in
1571 1328 1688 1366 templo

66 1383 164 1415 stans,
180 1389 273 1419 puras
294 1382 331 1411 ad
358 1383 457 1413 Deum
477 1391 588 1412 manus
624 1383 823 1420 expanderit,
844 1392 911 1418 nec,
929 1383 1015 1422 quod
1041 1383 1090 1412 vix
1109 1383 1257 1421 cuiquam
1279 1383 1369 1412 tidem
1386 1381 1540 1410 facturum
1557 1383 1615 1415 est,
1630 1379 1677 1408 vel

66 1431 223 1461 tantillum
241 1432 460 1466 obdormierit,
481 1433 536 1462 sed
556 1432 618 1462 vivi
644 1433 758 1471 lapidis
776 1433 874 1463 instar
888 1433 1017 1462 Christo
1033 1433 1156 1462 defixus
1173 1433 1308 1466 steterit,
1337 1440 1370 1461 ac
1391 1431 1474 1460 velut
1495 1428 1682 1466 obriguerit.

65 1480 149 1510 Huic
168 1478 259 1518 po'rro
283 1481 389 1518 exigui
407 1482 468 1511 cibi
489 1481 641 1520 reliquias
672 1482 797 1512 vicinus
823 1490 938 1512 corvus
958 1483 1174 1520 nuper-tiebat,
1194 1490 1372 1519 panemque
1391 1482 1559 1517 integrum,
1579 1479 1603 1508 si
1624 1479 1688 1508 duo

64 1531 459 1568 f.›rteesse111,atrerebat.
479 1532 564 1568 Quin
584 1534 676 1563 etiam
703 1541 768 1572 quo
801 1536 942 1571 ternpore
975 1532 1122 1562 Christus
1156 1531 1323 1561 salutifero
1354 1531 1406 1560 illo
1434 1529 1592 1568 supplicio
1622 1538 1692 1567 per-

64 1583 193 1614 functus
211 1584 358 1615 mortales
375 1584 516 1623 reliquit,
536 1584 687 1614 inventus
702 1584 908 1622 estquidam,
924 1584 978 1622 qui
998 1583 1072 1613 hinc
1089 1584 1125 1614 ad
1147 1583 1291 1612 divinum
1323 1586 1462 1611 montem
1493 1579 1690 1615 ascenderet,

65 1635 175 1673 ibique
191 1639 221 1665 ct
238 1643 396 1671 sermone,
413 1639 443 1665 et
460 1639 578 1671 mente,
596 1638 626 1666 et
663 1635 814 1665 membris
839 1635 990 1664 immotus
1014 1638 1114 1670 stans,
1148 1634 1250 1663 ventis
1279 1633 1474 1670 nivibusque
1498 1632 1691 1670 jactaretur;

66 1692 135 1719 nec,
153 1693 333 1723 quanquam
350 1685 470 1724 alioqui
491 1685 598 1724 plures
627 1685 685 1715 viri
707 1686 748 1724 pii
771 1694 842 1716 eum
866 1686 1121 1720 circumstarent,
1140 1688 1169 1714 et
1186 1684 1222 1713 ab
1242 1685 1350 1713 eodem
1380 1683 1495 1712 obnixe
1515 1682 1691 1711 contende-

66 1735 146 1769 ¹ent,
165 1734 348 1773 utaliquam
371 1735 420 1765 sui
455 1736 596 1774 corporis
627 1735 782 1765 rationem
812 1734 954 1769 liaberet,
980 1733 1128 1772 precibus
1156 1737 1260 1762 tamen
1279 1732 1376 1761 nullis
1404 1735 1606 1766 move-retum
1636 1731 1690 1760 sed

65 1783 223 1814 Christum
242 1793 346 1823 regem
363 1785 537 1816 fortissime
555 1787 726 1821 consertis,
746 1789 778 1816 ut
793 1787 849 1816 dici
868 1785 961 1821 solet,
985 1785 1133 1815 manibus
1156 1784 1318 1814 retineret.
1342 1795 1355 1810 »

103 1836 188 1866 Alibi
216 1837 255 1867 de
279 1838 418 1868 Ponticis
437 1838 601 1868 monacbis
627 1839 690 1869 ha³e
713 1839 806 1868 hahet
831 1838 1004 1876 Gregorius
1025 1839 1061 1875 (c)
1084 1849 1090 1866 :
1120 1849 1133 1863 a
1155 1836 1302 1875 Plerique
1332 1835 1392 1865 sul)
1419 1835 1528 1865 ferreis
1550 1834 1685 1864 vinculis

66 1887 301 1926 ingemiscunt3
319 1889 371 1919 alii
390 1899 501 1920 rursus
519 1899 575 1929 pro
592 1891 663 1921 cibo
679 1891 803 1921 cineres
822 1891 955 1926 habent3
975 1893 1050 1919 sunt
1067 1890 1186 1927 quibus
1204 1893 1296 1927 potus
1314 1883 1462 1926 lacry'mis
1479 1891 1691 1926 temperatum

65 1939 117 1970 alii
140 1940 281 1971 bibernis
309 1941 438 1973 nivibus
458 1942 607 1980 impetiti,
625 1944 830 1982 quadraginta
849 1943 930 1978 «lies,
945 1942 1141 1981 totidemque
1161 1945 1284 1975 noctes,
1302 1940 1387 1969 velut
1403 1940 1532 1969 arbores
1548 1939 1690 1975 quoedam

65 1996 227 2029 perstant,
249 1993 341 2023 corde
358 2002 470 2032 nempe
492 2004 507 2024 e
525 1999 605 2025 terra
630 1995 814 2033 migrantes,
831 1996 997 2032 Deumque
1029 1994 1132 2023 solnm
1157 1993 1186 2022 in
1206 1995 1309 2023 mente
1333 1991 1520 2020 babentes...
1539 1989 1619 2024 Quid
1636 1989 1692 2018 de-

68 2040 165 2078 nique
189 2049 242 2071 eos
266 2049 524 2079 commemorem,
556 2044 610 2083 qui
636 2044 748 2074 oculos
771 2044 936 2080 claudunt,
963 2048 993 2073 et
1019 2052 1112 2073 aures
1130 2043 1213 2072 velut
1232 2041 1362 2080 pessulo
1394 2040 1530 2079 quodam
1556 2039 1691 2074 obdunt,

66 2097 107 2118 ne
123 2089 251 2121 eculeus
268 2091 424 2130 quispiam
448 2094 556 2123 mortis
586 2094 696 2124 furtim
718 2095 863 2132 irrepat?
885 2095 922 2124 At
954 2094 1018 2123 brec
1035 2094 1264 2123 medicamenta
1300 2093 1385 2122 carni
1416 2091 1497 2121 hosti
1520 2099 1589 2120 meo
1617 2097 1692 2128 pro-

66 2140 154 2177 pino.
176 2152 190 2168 »
211 2141 284 2171 Ilaec
301 2142 487 2181 Gregorius,
505 2145 559 2184 qui
587 2148 649 2176 brec
666 2147 760 2176 etiam
785 2146 859 2175 alibi
890 2146 992 2175 fusius
1014 2146 1080 2185 (cl):
1103 2146 1267 2175 «Carnem
1288 2153 1389 2174 meam
1417 2144 1515 2173 relatis
1547 2144 1622 2172 ssore
1650 2141 1693 2171 la-

66 2192 252 2222 scivientem
271 2195 299 2222 et
315 2197 498 2225 {estuantem
519 2197 629 2226 multis
659 2206 692 2227 ae
711 2197 831 2227 crebris
849 2197 1012 2226 laboribus
1036 2197 1152 2231 attrivi,
1166 2195 1284 2225 ventris
1298 2195 1472 2224 satietatem
1491 2193 1691 2230 vicinamque

67 2244 184 2274 rabiem
202 2244 331 2279 sustuli,
352 2245 462 2275 ocutos
480 2250 695 2286 temperantia}
711 2249 894 2285 adiumento
930 2248 1092 2286 palpebris
1121 2247 1220 2279 infixi.
1239 2246 1314 2276 iram
1332 2245 1456 2282 abrupi,
1475 2244 1612 2273 membra
1638 2243 1691 2272 de·

67 2295 166 2331 vinxi,
186 2297 285 2326 risum
305 2295 483 2334 deploravi;
509 2299 614 2329 omnia
633 2300 759 2330 Christo
786 2302 965 2336 cesserunt,
995 2300 1098 2337 priora
1121 2298 1229 2328 omnia
1247 2297 1468 2327 conciderunt.
1500 2296 1594 2324 Terra
1614 2293 1689 2323 mihi

65 2346 167 2377 lectus
183 2347 254 2382 suit,
278 2347 449 2385 asperrima
478 2350 576 2379 vestis
606 2351 745 2380 membra
776 2350 939 2387 contexi13
963 2349 1131 2389 pervigilia
1163 2349 1256 2378 etiam
1274 2351 1305 2378 et
1337 2349 1546 2385 lacrymarum
1574 2346 1690 2375 imbres

66 2399 220 2429 adhibui:
239 2399 379 2429 interdiu
399 2399 497 2429 labori
518 2399 669 2430 humeros
685 2401 836 2439 subiunxi
862 2411 868 2429 :
894 2400 1022 2438 hymnis
1046 2403 1109 2428 tota
1136 2401 1228 2428 nocte
1260 2397 1467 2428 concinendis
1495 2403 1610 2433 corpus
1638 2395 1689 2423 in-

67 2453 129 2479 star
144 2453 254 2480 statum
271 2451 386 2486 detixi3
415 2451 534 2480 nullam
553 2452 684 2482 omnino
714 2451 885 2481 humanam
906 2451 1104 2483 voluntatem
1124 2449 1233 2480 necin
1253 2449 1393 2478 animum
1412 2446 1540 2485 quidem
1560 2448 1588 2474 et
1605 2443 1691 2481 cogi-

67 2503 216 2533 tationem
237 2503 420 2533 admittens.
439 2504 542 2539 Atque
560 2501 618 2531 hoc
634 2501 770 2539 quodam
789 2501 865 2531 mihi
887 2501 958 2530 vuw
984 2502 1164 2531 institutum
1183 2503 1261 2529 erat.
1279 2510 1293 2526 ι)

105 2552 155 2582 Sic
171 2554 304 2584 mediam
325 2554 406 2583 viam
424 2552 496 2581 iniit
513 2552 684 2587 Gregorius
712 2551 794 2580 inter
819 2551 1021 2580 eremitarum
1049 2553 1077 2579 et
1107 2549 1268 2587 migadum
1290 2548 1416 2577 vivendi
1448 2548 1611 2580 rationem,
1629 2553 1690 2575 cce-

66 2602 240 2633 nobitieam
258 2605 426 2642 amplexus
447 2614 484 2635 ex
503 2609 637 2644 utraque
655 2607 859 2643 temperatam
878 2612 892 2632 a
919 2603 1049 2632 Basilio.
1075 2603 1104 2632 ls
1131 2602 1253 2639 primus
1283 2600 1425 2630 omnium
1457 2597 1628 2627 esenobitas
1657 2596 1688 2624 in

67 2654 195 2685 Oriente
214 2656 364 2692 instituit,
384 2657 534 2697 legesque
554 2657 706 2693 condidit,
731 2664 810 2696 quas
837 2655 930 2685 ctiam
952 2653 1098 2692 exemplo
1128 2653 1236 2683 docuit
1263 2660 1324 2681 una
1349 2658 1419 2680 cum
1447 2646 1614 2685 Gregorio,
1635 2644 1692 2684 qui

101 2771 137 2841 fin)
154 2772 198 2806 [Zp⁴
219 2773 252 2800 nl.
267 2773 293 2799 8.
530 2780 533 2783 ·
945 2772 977 2797 :cl
996 2771 1083 2795 Carni.
1099 2769 1131 2794 al.
1151 2768 1175 2794 4.

114 2808 139 2840 ὁ)
154 2808 244 2835 Curru.
259 2809 293 2834 al.
312 2808 355 2834 Π.
942 2808 978 2840 (d)
996 2806 1084 2831 Carta.
1102 2805 1134 2830 al.
1150 2804 1193 2829 11⁵.
