1838 3046
130 97 182 120 ‘0727

736 97 888 124 titutut‘lt
909 97 1023 124 Jatlottt
1044 98 1151 125 Bttstltt.

1702 103 1748 130 3⁸0*ss

139 153 239 184 tvnqztt»
259 151 330 177 tirus
356 152 504 185 religiosos,
528 154 626 179 milit-*s
651 163 681 179 :u-
702 157 821 180 snb-lin»
839 163 923 189 (quos
939 158 960 184 Α
976 162 1073 189 praeter
1096 157 1296 183 imnimerorum
1321 158 1579 191 consanguineorum
1604 163 1630 184 ct
1653 159 1749 185 amit-u-

133 195 169 222 ibi
190 197 260 222 velut
288 197 468 229 prwsidiarios
495 198 609 232 privatis
635 201 785 232 sumptibus
814 201 917 235 alebat)

132 243 248 267 almon<
285 243 385 269 bellicis
418 245 557 270 tormentis
579 251 730 278 expugnato
751 251 918 279 repererunt,

135 288 281 313 crudeliter
297 289 476 321 trin-illarum,
497 290 564 315 alios
591 290 685 323 gladiis
702 291 918 322 conscindentes.

135 332 201 357 alios
217 332 312 365 laqueo
327 333 519 366 tumim-antes,
533 335 600 360 alios
625 335 773 369 prmripitio
787 336 917 362 colliden-

137 380 186 406 tes,
206 376 272 403 alios
290 378 439 404 semineces
451 386 481 404 ac
498 379 573 404 vivos
588 379 612 404 in
628 385 720 412 puteos
732 381 917 413 projicientes.

136 421 209 447 lianc
226 423 297 448 enim
313 431 389 449 suam
408 424 494 456 primo
513 425 613 450 rabiem
632 425 657 450 in
673 426 774 452 viciuos
791 435 918 453 evomue-

137 473 210 498 runt,
224 476 309 501 euque
325 469 462 495 crudelius
487 470 643 501 saevierunt,
660 479 713 504 quo
729 472 850 498 sanctior
864 477 922 498 crat

137 513 212 539 locus
231 520 256 540 et
276 515 425 541 sanctiores
452 515 502 548 ipsi
524 516 617 541 incolae
634 516 728 550 (cibus
744 517 815 543 enim
838 518 922 549 ipsius

139 559 254 590 sauma»,
265 564 292 585 ut
302 560 338 585 ait
350 560 479 593 propbeta
488 560 532 591 δῖ’,
545 560 779 595 electtts);i1u·is11s
794 562 921 588 nimirum

138 605 190 631 illis
201 611 257 631 erat
276 610 328 631 tam
346 606 405 638 pius
420 605 514 637 abbas,
535 607 634 640 quippe
649 608 693 640 qui
707 609 848 642 splendore
869 610 923 634 vir-

139 652 202 677 tutis
228 660 283 677 sua:
301 656 414 677 noctuas
442 651 508 679 istas
533 654 740 688 perstringeret.
762 655 820 688 lpse
836 660 923 681 tamen

140 702 202 722 tunc
221 697 323 724 aberat.

175 743 240 768 Nam
255 745 334 776 paulo
350 749 412 771 ante
429 745 518 778 (aegre
544 745 663 779 quidem,
691 745 737 772 sed
766 746 879 778 utiliter,
895 754 925 772 ac

140 789 337 815 coenobitarnm
356 795 383 816 et
401 791 549 816 amicorum
572 797 682 816 suorum
704 791 819 817 consilio
839 792 926 816 etim-

140 835 228 869 pulsu,
248 840 275 861 ιιι
292 836 341 862 sibi
360 836 445 869 magis
458 837 489 862 ad
508 836 656 863 litterarum
676 837 763 863 studia
780 842 804 863 et
821 845 924 870 parem,
943 824 952 852 Ῐ

141 888 220 913 qnam
236 883 267 907 ad
285 889 360 908 arma
377 887 439 908 nato
456 882 619 914 consuleret,
641 890 722 916 seque
740 883 784 910 Dei
802 883 927 909 Ecclesia„-

141 926 173 951 ad
191 927 300 952 meliora
327 929 464 960 servaret)
489 928 626 954 Nannetas
650 935 679 954 se
706 933 854 961 receperat.
879 929 926 955 Ubi

141 971 278 1003 aliquanto
292 976 351 1005 post
370 976 492 1006 tempore
507 973 558 999 bac
573 977 626 998 tam
654 973 805 999 truculenta
823 982 854 1000 ae
869 975 928 999 bar-

141 1016 204 1041 bara
221 1022 311 1049 strage
328 1016 361 1042 ab
377 1017 512 1044 illustriss.
537 1017 680 1052 Martignio
706 1018 850 1045 Britannia·
867 1028 929 1053 pro-

142 1070 216 1094 rege,
239 1063 283 1096 qni
301 1067 355 1089 tum
383 1063 417 1089 ibi
445 1064 552 1097 aderat,
569 1069 594 1090 et
611 1065 652 1091 cui
673 1065 698 1091 iu
717 1065 758 1091 via
784 1065 852 1091 sorte
875 1066 930 1091 sur-

142 1111 206 1132 tuna
224 1113 398 1138 occurrerat,
414 1109 529 1142 primum
555 1109 656 1140 audita,
677 1110 784 1136 domum
802 1111 889 1142 rediit,
904 1116 930 1138 ct

143 1151 167 1176 in
187 1151 320 1186 lacrymas
342 1155 473 1187 prorupit.
488 1154 528 1180 Ad
545 1162 624 1189 quem
644 1156 707 1182 dum
725 1157 825 1182 accedo
843 1157 866 1182 ei
882 1165 930 1190 pro

143 1197 214 1222 virili
245 1198 344 1230 alls-,uid
374 1199 460 1226 solatii
487 1200 688 1233 impertiturus,
720 1208 785 1228 voce
810 1201 930 1229 saucibus

143 1250 196 1274 prae
232 1250 333 1276 angore
368 1243 486 1270 haerente
518 1244 543 1270 in
574 1244 710 1279 lacrymas
739 1245 818 1271 simul
850 1246 930 1272 etiam

142 1295 264 1321 erumpo,
281 1289 378 1322 quibus
396 1295 508 1323 uterque
535 1294 589 1316 tam
622 1290 802 1316 miserabilem
830 1291 931 1317 caedem

143 1334 242 1360 all'atim
262 1340 418 1368 prosecutus
445 1341 497 1366 (³51,
517 1336 620 1370 fuitque
641 1337 748 1370 utrique
780 1342 834 1363 tunt
860 1345 932 1370 qnae-

145 1379 206 1405 dam
223 1379 288 1405 llere
313 1381 446 1415 voluptas.
465 1380 517 1407 Sed
537 1381 643 1408 tandem
661 1383 845 1408 arescentibus
869 1383 932 1415 illis,

145 1429 171 1450 et
191 1432 259 1458 pene
285 1427 435 1457 exhaustis,
464 1426 636 1460 collectisque
662 1427 768 1457 nuituis,
792 1428 860 1453 Deus
878 1428 933 1462 (in-

147 1470 256 1503 qnlvtmt
279 1471 347 1501 illi-t,
365 1478 486 1497 renerum
514 1479 599 1506 =qemea
614 1474 640 1498 iu
653 1473 832 1499 hoerectitaimn
849 1479 931 1505 tuom,

143 1521 284 1549 posueruut
304 1517 427 1550 templum
454 1523 573 1543 sancium
592 1524 664 1544 tuum
685 1519 711 1545 ιή
734 1527 870 1552 pomorum
889 1529 933 1545 cn·

145 1561 268 1589 stodiam.
283 1567 422 1593 potnerunt
437 1563 584 1588 ritorticiniu
597 1571 729 1588 servornm
743 1569 847 1589 luorum
864 1573 934 1590 escas

145 1606 291 1631 volutilibus
311 1607 377 1637 cu'i't',
390 1615 479 1632 cuntes
496 1612 644 1633 sancierunt
664 1612 766 1634 tuorum
783 1610 867 1635 bestiis
883 1615 934 1634 ler-

147 1659 193 1682 ra’,
209 1652 355 1684 effuderunt
369 1652 519 1685 scoiyninem
532 1653 646 1683 ipsorum
662 1658 784 1687 [multtum
796 1663 899 1687 uqzmm,
912 1660 933 1680 et

148 1706 199 1722 nou
222 1702 277 1723 erut
294 1697 336 1730 qni
352 1698 510 1730 sepelirem.
525 1698 627 1723 Altaria
646 1703 702 1729 lua,
719 1698 838 1729 Domine,
855 1700 936 1732 suffu-

147 1744 251 1773 derunt,
268 1748 290 1767 et
306 1751 391 1768 servos
419 1748 476 1768 tuos
506 1744 655 1768 occiderunt
681 1744 779 1777 qlnaelio,
795 1750 817 1770 et
843 1753 887 1778 eyn
904 1753 935 1770 ex

149 1787 317 1814 ltlictmelmls
334 1787 435 1814 nOstris
454 1788 559 1813 relictus
584 1797 642 1814 sunt
666 1789 737 1814 solus
751 1790 783 1814 ⁸¹³.
801 1790 831 1814 Et
847 1798 937 1821 qut-in-

149 1834 291 1860 admodum
316 1834 411 1864 David,
437 1833 528 1859 audita
552 1839 605 1859 tam
632 1834 730 1860 misera
754 1834 831 1860 clade
850 1835 937 1861 Saulis

146 1879 220 1913 jussu
250 1886 277 1905 et
302 1887 382 1905 mauu
399 1879 469 1913 Docg
491 1879 599 1905 ldumaei
623 1885 774 1913 perpetrata
787 1881 936 1906 occisorum

150 1927 283 1959 octoginta
310 1926 429 1960 quinque
445 1926 564 1952 virorum
580 1926 666 1959 ephod
681 1926 752 1952 lineo
766 1928 935 1959 vestitorum,

151 1971 258 1997 dicebat
276 1971 308 1997 ad
326 1971 457 1997 Abiatbar
474 1971 559 1997 filium
586 1970 745 2002 Acltimelis,
759 1972 803 2004 qui
819 1972 892 1998 solus·
905 1972 937 1997 ad

152 2017 237 2050 ipsum
266 2025 297 2043 ex
319 2025 349 2043 ea
366 2017 494 2052 effugerat
512 2026 517 2044 :
536 2017 591 2051 qu
609 2025 666 2043 sum
679 2025 737 2042 reus
749 2017 864 2043 omnium
879 2019 937 2043 uni-

151 2072 255 2089 murum
272 2064 364 2089 domus
392 2065 474 2097 patris
503 2064 575 2089 tui⁸⁷
593 2072 599 2089 :
614 2063 650 2089 ita
675 2068 702 2089 et
719 2064 786 2096 ipse,
813 2063 879 2097 Ego,
899 2064 938 2089 in-

152 2111 222 2144 quit,
251 2119 312 2136 rcus
339 2119 398 2136 sunt
428 2110 549 2136 omnium
579 2110 730 2136 animarum
748 2110 869 2136 istarum.
885 2110 936 2136 Sed

154 2155 284 2182 luctuosis
297 2156 349 2181 illis
367 2156 447 2182 etiam
470 2155 560 2181 verbis
585 2162 634 2188 ego
650 2162 709 2180 euin
734 2154 850 2186 solabar,
868 2156 937 2188 qimd
956 2167 976 2193 D

154 2201 177 2226 ei
204 2200 273 2226 idem
298 2202 367 2233 quod
390 2199 482 2226 Davidi
504 2199 562 2226 viro
590 2199 726 2225 innocenti
741 2204 768 2225 et
791 2200 937 2226 seeundum

155 2253 201 2272 cor
218 2245 321 2271 Domini
343 2245 510 2278 contigisset,
528 2244 677 2278 eodemque
697 2252 764 2278 pene
792 2245 845 2271 telo
877 2253 936 2272 cum

155 2299 185 2317 eo
201 2291 322 2316 confixus
338 2290 440 2318 l'nisset.

190 2336 253 2362 Post
274 2336 342 2361 banc
357 2336 462 2361 ruinam
485 2340 511 2362 et
531 2335 631 2362 coedem
649 2335 815 2362 Nannetibus
833 2344 938 2363 menses

156 2381 258 2414 aliquot
284 2385 479 2411 counitoratur,
495 2388 547 2406 non
561 2381 653 2413 procul
673 2380 753 2415 (qnia
771 2382 880 2414 propius
896 2390 941 2408 ac-

156 2427 251 2452 cedere
269 2433 320 2451 non
341 2425 448 2458 licebat)
467 2433 481 2450 a
500 2426 623 2451 coenobio
650 2434 708 2457 suo,
732 2428 827 2453 similis
848 2428 942 2454 avibus

159 2471 211 2496 illis
229 2478 287 2504 qua:
302 2471 370 2496 nidis
386 2470 467 2496 etiam
483 2471 508 2496 in
524 2475 622 2496 terram
648 2472 769 2498 excussis
790 2473 942 2498 circinnvn-

159 2518 236 2543 litare
258 2517 356 2547 solent,
372 2524 421 2543 nec
448 2517 526 2551 longe
546 2517 700 2543 abscedere.
722 2517 794 2543 Nihil
819 2525 937 2550 unquam

159 2563 182 2589 ei
200 2563 332 2589 t‘nnestius
358 2570 389 2589 ac
416 2562 519 2589 tristius
547 2563 704 2596 contigisse,
733 2563 858 2596 nulloque
882 2570 942 2596 gra-

160 2608 227 2635 viori
253 2617 316 2634 tasn
331 2614 357 2635 et
385 2608 477 2635 dolore
493 2609 519 2634 in
534 2609 588 2634 vita
614 2608 769 2641 perculsum
788 2608 871 2634 t'uisse
889 2616 944 2633 me-

162 2654 226 2680 mini
242 2662 247 2678 :
262 2662 415 2688 quanquam
432 2654 515 2681 multa
530 2655 553 2680 ei
571 2654 657 2680 tristia
682 2658 708 2680 et
724 2654 846 2679 luctuosa
860 2654 944 2679 maxi-

163 2707 205 2725 me
232 2700 403 2727 saevientibus
428 2700 506 2727 bellis
531 2700 655 2727 civilibus
688 2700 848 2726 acciderint.
879 2698 944 2724 Nam

200 2794 230 2808 ⁸⁹
250 2794 347 2821 lli-bau.
367 2804 382 2822 i,
402 2796 430 2821 ’.ὕ
482 2796 501 2807 ·“
520 2796 585 2822 [’,,..ἴ,
605 2804 701 2821 ttsxtr:
737 2796 785 2821 57

953 825 963 837 *D

828 2797 841 2805 ‘¹
864 2795 892 2821 m
911 2795 925 2818 t:
1066 2793 1092 2817 ts*

972 209 1042 232 rum,
1060 210 1139 235 quani
1167 203 1193 228 in
1223 204 1287 236 ipsis
1303 203 1378 235 tecit,
1394 203 1539 237 jacturaim
1560 203 1649 229 amisit
1662 205 1751 237 primis

972 248 1130 275 tumultibus
1143 249 1168 274 in
1183 249 1310 275 Drocensi
1330 256 1418 283 pugna
1441 249 1587 275 avunculos
1599 249 1666 276 duos
1681 250 1752 276 viros

972 292 1185 325 illustrissimos,
1218 294 1408 320 Briebanteum
1454 294 1623 320 Bellovaeum
1656 299 1681 321 et
1707 295 1752 321 Gi-

972 339 1070 371 vrium‚
1090 340 1196 371 iratres,
1228 340 1272 374 qui
1302 340 1326 366 in
1349 340 1434 373 prima
1453 340 1511 366 acic
1535 348 1595 367 cum
1628 340 1754 374 {nagistru

972 384 1092 417 equitum
1120 384 1225 411 sortiter
1243 390 1391 418 pugnantes
1415 385 1571 411 ceciderunt
1597 394 1603 411 t
1630 386 1672 412 bic
1697 387 1755 420 qui-

973 429 1031 454 dem
1051 430 1075 455 in
1101 431 1157 463 ipso
1175 432 1312 462 enullictn,
1334 432 1377 457 ille
1395 440 1425 457 cx
1453 432 1564 458 vulnere
1591 431 1625 457 ibi
1644 438 1754 466 accepto

975 474 1111 507 aliquantu
1134 482 1192 508 post
1217 482 1353 510 tempore3
1373 477 1513 503 Prunreum
1544 478 1624 503 etiam
1646 478 1754 504 fratrem

974 515 1114 542 Claudium
1141 518 1243 544 ljillinin
1275 519 1300 545 in
1330 519 1422 553 pra-lto
1450 521 1482 545 ad
1515 519 1658 546 Jarnacum
1685 528 1757 546 coni-

976 561 1066 592 misso,
1085 563 1146 588 dnm
1171 564 1269 589 fractos
1285 572 1316 591 ac
1336 565 1471 598 fugientes
1489 565 1580 591 hostes
1604 565 1709 599 longius
1733 570 1758 592 vt

976 607 1064 633 arrius
1079 609 1246 642 persequitur
1257 617 1263 640 ς
1275 609 1438 636 Ludovicum
1457 611 1562 636 Billium
1577 610 1757 637 verisona-nm

976 651 1089 677 alterum
1121 652 1230 679 l'ratrem
1261 653 1286 680 in
1313 654 1453 681 obsidione
1487 655 1638 681 Pictavensi
1667 656 1758 681 u1beui

977 698 1031 729 regi
1049 701 1074 723 et
1088 697 1191 723 civibus
1208 703 1409 733 protegentem3
1431 700 1497 726 alios
1525 701 1605 727 etiam
1624 701 1690 727 dnos
1709 700 1759 726 [ιιι-

977 746 1033 768 tres
1052 743 1076 768 in
1093 742 1219 769 [trecensi
1235 745 1326 778 praello
1340 755 1346 771 :
1360 754 1471 778 quorum
1488 751 1541 772 tres
1562 747 1664 780 priores
1686 746 1760 772 suere

978 788 1082 820 equites
1101 789 1242 822 'l'orquati,
1260 794 1286 815 et
1308 790 1547 824 Catapbractorum
1568 792 1689 825 equitum
1714 793 1761 817 dn-

979 841 1023 859 ces
1042 834 1134 867 inclyti
1163 842 1195 861 ac
1220 835 1375 868 l'ortissimi;
1398 836 1441 862 alii
1470 837 1573 863 strenui
1592 842 1617 863 et
1640 838 1760 871 generosi

980 879 1165 905 adolescentes
1205 882 1338 914 peditibus
1378 883 1556 916 imperabant.
1585 883 1695 913 ilerum,
1724 884 1762 909 in-

980 932 1069 957 quam,
1087 924 1095 958 (
1110 933 1222 958 «piorum
1240 926 1296 959 ipse
1311 927 1391 953 etiam
1410 928 1434 953 in
1456 927 1612 961 Anilmloqia
1625 936 1671 954 sua
1685 936 1761 954 sacra

980 971 1118 1002 meminit)
1145 977 1172 997 et
1199 972 1311 998 aliorum
1339 974 1549 1007 propinquorum
1570 979 1596 1001 et
1614 974 1760 1000 amicorum

980 1015 1242 1049 quamplurimorum
1276 1017 1400 1045 interitus
1429 1026 1491 1044 cum
1522 1025 1619 1053 magno
1652 1019 1764 1053 perculit

981 1060 1084 1092 dolore,
1101 1069 1261 1096 summaque
1286 1062 1373 1089 affecit
1399 1063 1508 1089 tristitia
1526 1064 1594 1090 :sed
1618 1072 1676 1098 quae
1704 1072 1764 1090 mox

982 1104 1007 1130 in
1034 1104 1153 1131 laetitiam
1179 1107 1344 1137 vertebatur,
1373 1108 1435 1134 dum
1460 1107 1592 1141 cogitaret
1622 1115 1669 1134 eos
1693 1108 1763 1134 velut

982 1149 1049 1176 alios
1077 1149 1244 1178 lllacliabaeos
1271 1159 1319 1185 pro
1336 1152 1391 1178 aris
1419 1157 1445 1179 et
1476 1153 1554 1184 focis,
1570 1161 1617 1187 pro
1634 1153 1764 1183 flet-teda,

982 1203 1031 1229 pro
1051 1203 1112 1230 rege
1134 1201 1160 1222 et
1199 1197 1336 1230 republica
1364 1197 1480 1231 tormer
1506 1198 1658 1224 dimicando
1686 1206 1765 1224 occu-

983 1242 1084 1272 buisse,
1099 1247 1173 1268 etex
1192 1249 1238 1268 sua
1257 1242 1356 1269 familia
1391 1249 1417 1270 et
1447 1244 1606 1278 cognatione
1631 1243 1704 1269 velut
1733 1252 1764 1269 ex

983 1294 1052 1321 equo
1070 1286 1186 1321 Trojano
1205 1292 1242 1314 tot
1266 1288 1339 1315 viros
1366 1289 1448 1315 sortes
1463 1294 1489 1315 et
1503 1289 1535 1316 de
1551 1289 1685 1323 republica
1700 1289 1765 1316 bene

983 1333 1094 1359 meritos
1109 1333 1252 1360 exsiliisse.

1019 1380 1071 1406 Sed
1105 1381 1213 1407 tristitia
1251 1380 1294 1407 illa
1325 1381 1357 1407 de
1391 1382 1492 1408 crudeli
1523 1386 1549 1408 et
1581 1386 1689 1408 cruenta
1721 1381 1762 1407 tlt·

985 1425 1134 1452 eltaelitaua
1153 1426 1226 1452 c-ede
1251 1430 1278 1452 ct
1294 1427 1370 1452 ruina
1387 1427 1436 1461 (de
1465 1435 1515 1460 qua
1542 1427 1597 1460 ipse
1623 1427 1648 1452 in
1669 1435 1763 1452 nuncu-

986 1471 1091 1504 patoria
1124 1471 1167 1497 illa
1183 1472 1295 1505 epistola
1312 1473 1344 1497 ad
1356 1472 1480 1498 Carolum
1496 1472 1686 1505 Lod-taringum
1712 1481 1757 1498 car

988 1517 1104 1542 dinalem
1142 1517 1349 1550 amplissimum,
1378 1525 1456 1550 quam
1494 1517 1566 1550 operi
1603 1517 1765 1543 Nazianzenc

987 1562 1109 1596 pra-lixit,
1131 1563 1212 1589 verba
1238 1562 1359 1589 faciens:
1375 1563 1456 1594 Quis,
1480 1563 1566 1597 inquit
1580 1583 1587 1595 ,
1615 1563 1767 1589 Micltaelini

987 1609 1069 1634 nostri
1087 1609 1203 1634 ctetiobii
1229 1608 1332 1635 cladem
1357 1609 1408 1634 ulla
1426 1609 1573 1643 quamlibet
1590 1609 1689 1643 tragica
1707 1619 1768 1635 ora-

988 1655 1058 1680 tione
1073 1664 1119 1688 pro
1140 1655 1175 1680 rei
1195 1655 1334 1681 atrocitate
1346 1654 1484 1687 deplorare
1504 1654 1617 1688 queat?)
1645 1659 1672 1680 ut
1686 1655 1769 1686 majtir

987 1706 1054 1730 erat,
1069 1701 1104 1726 ita
1120 1701 1191 1726 cordi
1206 1701 1264 1733 ejus
1288 1705 1315 1727 et
1335 1701 1425 1726 animo
1440 1701 1546 1734 penitus
1563 1708 1594 1727 ac
1608 1701 1707 1727 diutius
1727 1702 1768 1727 in-

988 1745 1073 1771 itu-sit.
1093 1746 1184 1771 Postea
1209 1746 1318 1780 regione
1348 1746 1391 1771 illa
1418 1746 1586 1777 extttrbatus‚
1605 1746 1655 1772 lma·
1669 1751 1695 1772 et
1709 1747 1772 1773 illue

988 1790 1079 1823 vagari
1110 1790 1202 1821 (ιι-μὴ,
1221 1794 1248 1815 et
1274 1789 1476 1823 peregrinorum
1495 1796 1568 1815 more
1588 1789 1708 1821 cupidius
1723 1797 1771 1815 ex-

988 1841 1109 1868 spectare
1121 1842 1146 1861 et
1159 1836 1294 1868 inquirere
1307 1835 1442 1861 civitatem
1458 1835 1527 1860 illam
1540 1834 1656 1860 suturam
1672 1840 1770 1861 statam

989 1885 1014 1906 ct
1035 1881 1097 1906 nulli
1124 1881 1252 1906 bellorum
1276 1888 1307 1906 ac
1327 1886 1476 1913 temporum
1490 1880 1515 1905 vi
1531 1884 1557 1906 et
1583 1880 1685 1914 injurite
1708 1888 1769 1914 per-

989 1927 1070 1952 viam.
1096 1928 1213 1952 Secesstt
1241 1926 1327 1959 primo
1353 1925 1509 1951 Laodunutn
1528 1926 1560 1950 ad
1582 1925 1770 1951 charissimum

990 1972 1151 1998 fratrem-et
1181 1972 1356 1998 reverendum
1383 1969 1497 1997 coenobii
1520 1970 1610 1996 Sancti
1635 1970 1767 1998 Vincentii

990 2017 1124 2048 abbatem,
1153 2017 1178 2042 iu
1209 2023 1272 2050 quo,
1305 2020 1332 2042 et
1362 2015 1576 2049 Sandionysiaco
1604 2015 1662 2049 (ubi
1689 2015 1769 2041 ctiam

990 2062 1087 2088 suumn
1105 2062 1202 2096 prioris
1221 2069 1333 2088 munere
1361 2061 1551 2096 fungebatur),
1568 2061 1669 2094 aliquot
1687 2069 1771 2088 annos

991 2107 1121 2141 transegit
1146 2107 1261 2141 propriis
1285 2107 1416 2133 coenobiis
1443 2107 1556 2140 pulsus,
1584 2111 1609 2132 et
1642 2107 1771 2133 reditibus

992 2153 1129 2186 spoliatus.
1146 2153 1243 2178 Verum
1256 2159 1362 2186 semper
1378 2152 1490 2186 cupidus
1507 2152 1640 2179 revisendi
1660 2152 1772 2178 Michae-

993 2198 1038 2224 lini
1053 2198 1114 2227 soli,
1131 2198 1194 2223 inita
1210 2204 1275 2230 pace
1287 2201 1313 2223 et
1328 2196 1428 2223 sedatis
1451 2201 1586 2230 utcunque
1605 2196 1771 2226 tmuultibus,

992 2243 1071 2268 modo
1086 2242 1231 2273 Lutetiam,
1253 2241 1331 2267 modo
1359 2240 1552 2274 Oysonvillam,
1574 2239 1651 2265 modo
1666 2238 1771 2264 Nanne-

992 2293 1044 2318 tas,
1077 2288 1155 2312 modo
1184 2287 1216 2312 ad
1245 2283 1408 2312 'suronieutst
1439 2285 1622 2312 Tossiniacum
1652 2288 1771 2310 nostrum

994 2334 1122 2367 perrexit,
1149 2341 1196 2366 spe
1219 2333 1331 2358 ulterius
1344 2331 1540 2365 progrediendi,
1554 2335 1580 2356 et
1601 2330 1661 2355 illuc
1679 2336 1773 2362 perve-

992 2380 1091 2406 niendi.
1122 2380 1173 2405 Sed
1202 2378 1406 2404 renascentibus
1429 2377 1552 2402 civilibus
1568 2375 1654 2406 bellis,
1671 2375 1710 2401 vel
1727 2382 1773 2408 po-

991 2426 1042 2451 tius
1056 2425 1111 2450 illie
1132 2423 1366 2458 perseverantibus
1382 2430 1389 2446 ε
1405 2422 1446 2448 vel
1462 2421 1561 2447 morbis
1572 2441 1579 2453 ‚
1598 2421 1695 2454 quibus
1712 2427 1772 2453 pro-

992 2471 1165 2504 fligabantur,
1189 2467 1369 2498 obstantibus,
1392 2474 1423 2493 ae
1442 2466 1596 2492 reflantibus·
1620 2465 1772 2499 procellosa:

994 2522 1092 2543 nostrae
1110 2514 1262 2548 reipublieae
1281 2513 1378 2543 ventis,
1398 2511 1459 2537 illuc
1487 2519 1622 2544 nunquam
1640 2510 1773 2544 appellere

993 2563 1081 2596 potuit
1105 2566 1167 2587 ante
1183 2565 1344 2594 postremam
1364 2563 1497 2589 aestatem,
1510 2557 1612 2591 aliquot
1627 2562 1688 2583 aute
1701 2563 1773 2582 nten-

995 2608 1070 2634 srbns
1088 2614 1167 2640 quam
1184 2606 1313 2631 tributum
1330 2609 1431 2630 naturae
1444 2605 1580 2637 penderet.

1031 2653 1133 2678 interea
1159 2658 1221 2677 vero
1249 2650 1459 2675 valetudinarius
1482 2649 1553 2681 lieet,
1579 2654 1606 2675 ct
1632 2648 1772 2675 miserrimi

998 2699 1082 2725 nostri
1105 2697 1195 2724 s.rcnli
1223 2696 1348 2722 ssnetibus
1369 2695 1419 2721 buc
1442 2700 1468 2721 et
1493 2695 1554 2722 illuc
1567 2695 1692 2728 jactatus,
1713 2701 1772 2719 nus-

1156 2793 1173 2804 ⁴''
1191 2793 1196 2817 l
1211 2791 1264 2824 {3³³³
1295 2798 1358 2818 xxtix
1373 2790 1414 2815 22.
