1838 3046
5 202 40 231 53
511 204 694 232 Patet-'uto
714 202 917 234 ctist-finam&
940 223 973 229 —
994 207 1080 234 PARS
1102 208 1120 235 Ι.
1597 213 1631 238 zi

44 261 326 291 Eminent1551mtis
355 260 522 291 cardinalis
550 261 763 296 Passionaeue,
784 263 838 300 qui
867 264 942 293 dum
971 264 1088 294 viveret
1121 265 1242 294 litteras
1272 265 1396 295 amabat
1429 271 1458 296 et
1488 267 1628 303 fovebat,

5 309 117 340 litteris
136 310 204 349 ipse
225 310 463 345 ornatissimus,
480 310 529 339 liis
551 310 666 339 nostris
685 311 807 341 favebat
833 313 962 347 studiis,
981 317 1013 342 ut
1036 318 1223 351 argumento
1251 319 1324 344 sunt
1355 316 1462 352 plures
1487 318 1566 346 datm
1591 318 1630 349 ad

6 363 148 389 nostrum
170 360 373 390 Franciscum
399 360 598 389 Louvardum
624 364 653 390 et
679 361 889 392 prudentium
919 363 1083 392 Muranum
1110 363 1233 400 littcroe,
1260 365 1378 403 ‹pnbus
1408 375 1563 404 propensa
1597 369 1629 398 in

3 419 62 442 nos
83 416 255 450 nostraque
272 413 388 448 studia,
405 422 440 443 ac
458 416 633 443 contestata
660 413 854 449 humanitas,
878 418 908 445 ct
927 424 1015 445 amor
1040 416 1230 452 litterarum,
1246 424 1324 454 quas
1345 415 1411 452 ipse
1435 425 1496 445 non
1526 419 1629 448 volero

2 462 117 495 solunt,
146 462 200 491 sed
221 471 333 492 ornare
363 463 521 493 studebat.
548 464 721 494 Permultas
753 473 791 494 cx
823 465 916 494 variis
942 465 1106 495 codicibus
1125 475 1220 496 manu
1250 465 1387 503 scriptis,
1413 474 1476 495 non
1506 470 1626 497 tantum

2 517 67 539 sute
94 509 194 547 ipsius
223 510 440 547 bibliotheca),
471 512 526 541 sod
554 512 648 541 etiam
678 513 849 548 Vaticanw,
881 515 1033 544 lectiones
1063 516 1177 550 varias,
1206 520 1266 545 tam
1298 516 1499 552 orationum,
1531 527 1627 554 quam

2 561 222 599 epistolarum,
247 568 341 600 atquo
359 561 450 591 etiam
479 561 654 590 carminum
678 561 908 591 describendos
928 563 1102 600 eleganter,
1131 565 1276 603 ipsisque
1297 564 1466 594 mittendas
1492 567 1624 596 curavit.

1 609 46 639 Aa
67 617 148 647 opus
174 612 304 639 strenuo
323 610 480 647 agendum
500 610 742 645 cohortabatur,
771 611 955 647 signius-,ans
974 621 1135 643 summum
1165 614 1346 651 pontilicem
1366 616 1405 652 (is
1431 621 1494 645 erat
1524 617 1626 647 felicis

2 661 162 691 memori-'n
179 661 368 691 Benedictus
385 662 466 699 Xll')
486 662 516 691 in
537 670 652 699 magno
672 661 768 700 liujus
787 663 940 693 editionis
965 674 1036 695 esse
1053 665 1227 705 desiderio,
1245 671 1274 697 et
1298 668 1502 698 sanctitatem
1530 670 1625 699 Suam

2 718 61 740 una
82 718 189 739 secum
206 711 244 740 de
262 710 316 739 illo
336 719 432 748 opere
453 710 652 748 frequentem
671 710 786 740 babere
804 719 996 741 sermonem.

39 760 175 798 insignis
198 760 330 790 abbatim
363 761 393 789 S.
431 760 578 789 Germani
611 760 885 795 bibliothecarius,
919 771 934 791 e
965 762 1162 792 cbarissimis
1192 765 1309 795 nostris
1335 768 1499 798 sodalibus
1527 778 1624 805 unus,

1 811 38 842 Ι).
59 812 171 846 Patert,
189 820 224 841 ex
245 812 390 849 pluribus
407 811 570 841 codicibus
587 811 712 849 scriptis
730 820 838 846 manu,
856 821 917 841 non
940 816 1060 842 tantum
1078 815 1107 843 S.
1126 817 1286 853 Germani,
1305 819 1359 848 scd
1381 820 1474 849 etiam
1506 822 1624 857 ltcgim,

0 860 262 896 claromontanae,
279 865 351 894 etc..
369 861 469 891 varias
489 861 654 895 lectiones,
669 861 843 899 etquidem
863 863 1099 899 elegantissima
1118 874 1211 894 manu
1229 870 1258 895 et
1275 869 1429 906 sagaciter
1449 871 1624 908 descriptas

0 912 171 942 liberaliter
189 912 442 944 subministravit
458 915 495 943 D.
511 914 682 944 Prudentio
699 914 819 944 Maran.
834 914 919 944 Alias
937 924 1066 954 quoqne
1082 917 1159 947 alter
1175 926 1190 948 e
1207 918 1337 954 nostris,
1353 928 1369 948 a
1386 928 1419 948 se
1435 919 1623 959 descriptas,

0 964 35 994 D.
49 964 189 994 Andreas
207 963 302 993 Brion
321 969 519 1002 peramanter
536 964 662 993 obtulit.

36 1015 98 1045 Nec
128 1015 255 1045 tacitum
293 1015 469 1054 relinquam
500 1014 746 1044 dilectissimum
787 1014 927 1044 sodalem
955 1017 992 1047 D.
1023 1017 1186 1048 Danielem
1225 1019 1361 1053 Labbat,
1389 1028 1442 1056 qut
1476 1019 1622 1057 diligenti

0 1067 27 1096 ut
55 1065 155 1095 multo
181 1064 286 1095 labore
317 1063 438 1094 indices
477 1063 747 1101 locupletissimos
783 1064 967 1100 adornavit,
1004 1075 1062 1095 nee
1099 1067 1133 1096 b.
1171 1068 1360 1105 Dionysium
1386 1068 1527 1105 d'Olive,
1565 1069 1622 1108 qui

0 1115 108 1146 menda
145 1114 369 1153 typographica
405 1113 582 1151 corrigendi
622 1113 757 1143 libenter
790 1114 821 1143 in
851 1122 885 1143 se
921 1124 1028 1145 curam
1068 1117 1230 1154 suscepit,
1256 1121 1285 1147 et
1316 1126 1444 1156 operam
1478 1120 1623 1150 studioso

0 1168 181 1204 prosecutus
210 1168 266 1193 est.
298 1164 364 1193 Jam
393 1162 470 1193 faxit
501 1164 584 1192 Deus
607 1166 641 1192 ut
674 1167 781 1193 noster
819 1163 869 1193 liic
899 1165 1206 1205 quantuluscunque
1242 1167 1329 1196 labor
1363 1169 1393 1196 in
1423 1177 1500 1198 usus
1530 1170 1622 1201 cedat

0 1214 143 1246 Ecclesia>
167 1214 336 1251 catliolicoe,
363 1215 414 1244 cni
443 1213 599 1254 quidquid
620 1207 748 1244 fecerim
782 1218 882 1244 totum
911 1223 1076 1253 consecro,
1110 1218 1270 1257 quidquid
1301 1220 1482 1259 scripserim
1517 1225 1621 1253 totum

0 1265 161 1298 submitto.

772 1391 779 1403 ἱ

490 1416 844 1460 SECUNDA
898 1417 1104 1463 PARS.

596 1509 763 1536 DEFENsto
784 1509 1017 1541 uilliconum,

422 1676 435 1712 5
453 1675 478 1704 Ῐ.
496 1683 651 1706 DEI-'Exsto
665 1685 819 1706 GREGontt
841 1685 999 1706 ADVERSUS
1016 1685 1170 1709 'routen-

29 1749 138 1780 Plures
159 1758 219 1780 non
238 1753 358 1780 tantum
383 1759 421 1782 ex
441 1750 664 1787 heterodoxis,
681 1753 767 1791 quod
791 1754 904 1783 mirum
926 1763 988 1784 nou
1007 1759 1066 1790 cst,
1086 1755 1140 1785 sed
1170 1755 1264 1786 etiam
1283 1766 1319 1786 ex
1337 1757 1522 1795 Catholicis,
1539 1760 1617 1790 Gre-

0 1801 78 1840 gorio
94 1810 202 1840 parum
214 1810 322 1840 :equos
340 1810 372 1831 se
387 1802 603 1839 praebuerunt,
618 1802 681 1832 imo
698 1812 770 1832 eum
788 1804 940 1833 conviciis
959 1805 1125 1839 lacessere,
1147 1806 1315 1836 calumniis
1331 1812 1424 1846 atque
1448 1810 1540 1840 etiam
1558 1812 1617 1841 sal·

0 1852 34 1882 zis
49 1852 235 1882 criminibus
257 1852 444 1882 insimulare
465 1853 533 1881 ausi
554 1856 641 1888 sunt,
671 1862 809 1892 quorum
829 1855 1036 1891 petulantiam
1067 1855 1214 1892 frangere
1240 1860 1271 1885 et
1301 1860 1512 1889 contumelias
1524 1861 1615 1899 juvat

0 1904 170 1932 'otunderm
191 1903 396 1941 Singulorum
417 1908 519 1934 tamen
538 1905 708 1935 calumniis
725 1911 755 1935 et
774 1906 918 1936 dicteriis
938 1907 968 1936 in
997 1908 1188 1945 Gregorium
1208 1908 1391 1939 refellendis
1418 1920 1479 1941 non
1500 1913 1614 1942 immo-

0 1952 90 1981 ·abor.
111 1953 216 1982 ,stis-sis
235 1954 329 1991 igitur
353 1954 472 1989 Dallaei,
498 1955 623 1989 Clerici,
643 1956 802 1993 Basnagii,
821 1961 894 1991 ete.,
927 1961 974 1986 sat
993 1958 1051 1987 erit
1071 1958 1210 1987 'sollium
1229 1959 1282 1997 qui
1311 1970 1365 1990 cos
1393 1962 1533 1993 imitatus
1551 1969 1612 2000 est,

0 2003 152 2040 :astigar0,
169 2008 198 2033 et
215 2004 336 2034 diluere
355 2012 426 2043 quie
450 2004 603 2034 adversus
623 2005 812 2042 Gregorlum
841 2005 922 2036 falso
939 2010 968 2036 et
987 2006 1209 2036 inverecunde
1226 2009 1365 2046 scripsit.
1386 2011 1414 2040 ls
1431 2012 1560 2050 quidem
1580 2013 1611 2043 in

0 2054 112 2092 teriptis
129 2056 282 2094 Tbeologi
302 2056 552 2091 versatissimus,
588 2057 642 2086 sed
663 2057 694 2085 in
712 2060 874 2087 auctorem
894 2057 1130 2096 iniquissimus,
1151 2063 1211 2088 tam
1231 2061 1327 2090 muita
1345 2060 1404 2090 bur,
1422 2063 1507 2098 illuc,
1528 2067 1610 2093 tam-

0 2112 48 2142 1ue
66 2105 220 2143 injuriosa
253 2106 320 2136 viro
345 2113 453 2138 sancto
479 2109 594 2147 sparsit
614 2109 643 2138 in
673 2110 870 2146 argumentis
904 2114 933 2139 et
964 2111 1050 2140 notis
1084 2111 1296 2149 quorumdam
1316 2114 1508 2149 carminum,
1540 2124 1613 2154 qum

0 2161 55 2193 pse,
72 2155 208 2193 vulgavit
238 2157 424 2193 annotatio,
452 2162 487 2188 ut
506 2158 613 2187 omnia
643 2158 783 2196 proferre
803 2158 932 2196 longum
962 2159 1043 2190 foret
1073 2170 1081 2190 ι
1113 2160 1270 2199 principun
1289 2165 1390 2192 tamen
1407 2164 1559 2201 delibare,
1579 2170 1610 2196 et

0 2203 62 2234 'alsa
79 2205 260 2240 ostendere,
276 2206 402 2236 animus
421 2212 480 2237 est.

24 2255 162 2285 Primum
180 2256 308 2295 quidem
331 2256 362 2286 in
394 2260 591 2295 argumento,
612 2257 679 2286 sive
705 2266 824 2287 «causa
849 2258 957 2296 scripti
972 2270 985 2284 ··›
1004 2259 1165 2293 carminis,
1187 2260 1271 2298 quod
1297 2260 1470 2298 Gregorius
1485 2273 1499 2289 ’,ι
1515 2262 1552 2292 de
1573 2272 1609 2293 se

1 2312 54 2342 pso
69 2309 97 2335 et
113 2306 266 2335 adversus
282 2306 448 2344 episcopos
466 2317 480 2332 u
499 2306 653 2342 condidit,
680 2306 831 2344 quodque
850 2306 972 2335 Tollius
987 2307 1094 2337 Graeco
1114 2309 1236 2346 primus
1253 2312 1406 2350 vulgavit,
1425 2314 1470 2344 sic
1491 2316 1609 2344 amaris

0 2353 103 2384 talibus
121 2359 245 2392 poetam
268 2356 366 2393 carpit
395 2366 401 2384 :
423 2367 436 2383 ιι
451 2355 528 2385 Cum
549 2364 622 2385 vero
652 2356 738 2386 omni
758 2358 832 2390 vita,
864 2360 929 2385 tum
954 2361 983 2386 et
1003 2358 1088 2386 cultu
1108 2358 1259 2398 victuque
1286 2363 1477 2392 monachum
1499 2365 1608 2401 potius

0 2406 193 2436 evei-issima)
220 2407 421 2446 integritatis,
452 2417 546 2447 quam
567 2411 660 2437 tantae
690 2408 856 2445 dignitatis
883 2412 988 2445 ageret
1004 2417 1039 2439 ac
1056 2409 1187 2440 referret
1210 2412 1395 2451 episcopum
1411 2424 1418 2449 3
1437 2414 1474 2443 ad
1493 2414 1556 2444 baec
1576 2418 1606 2444 et

0 2454 111 2486 iltiores
127 2457 166 2487 ob
185 2458 398 2488 eruditionem
426 2459 655 2497 defensamque
675 2459 727 2489 SS.
749 2460 918 2489 Trinitatis
949 2460 1124 2491 doctrinam
1144 2463 1275 2501 spiritus
1289 2473 1400 2502 gerere
1429 2466 1604 2501 vi‘leretur,

0 2505 261 2548 liceronianoeque
277 2509 487 2541 imbecillitati
505 2510 622 2546 allinis,
640 2514 673 2540 ut
691 2511 745 2540 ille
775 2512 976 2540 consulatum
993 2521 1087 2542 suum
1106 2518 1134 2543 ct
1151 2514 1320 2552 expulsum
1341 2517 1416 2545 urbe
1435 2516 1603 2546 Catilinam

0 2559 131 2596 »mnibus
149 2565 269 2590 tantum
294 2569 358 2590 non
377 2559 463 2590 boris
491 2559 696 2595 memorabat,
715 2559 755 2589 ita
773 2564 802 2590 et
822 2560 891 2598 ipsc
909 2565 1062 2591 contusos
1082 2563 1221 2593 Arianos
1237 2568 1266 2593 et
1284 2573 1373 2594 suam
1389 2566 1536 2595 'l‘riadem
1556 2576 1606 2595 as-

5 2607 74 2638 idue
92 2610 284 2647 praedicaret,
313 2610 475 2647 ingentem
491 2609 552 2638 sibi
571 2609 782 2646 quorumdam
803 2618 935 2639 suorum
963 2612 1238 2650 presbyterorum,
1256 2615 1458 2653 aliorumque
1476 2616 1602 2651 episco-

0 2664 94 2688 ¹0rum
114 2660 260 2689 conflavit
277 2661 430 2690 invidiam
463 2683 470 2690 .
485 2683 511 2690 ..
533 2660 608 2690 Sero
627 2660 755 2698 sapiunt
776 2661 931 2699 Phryges.
951 2663 1139 2700 Gregorius,
1157 2665 1211 2703 qui
1230 2666 1502 2703 promptissimum
1519 2667 1602 2696 buno

5 2712 146 2736 ssensuzu
166 2716 228 2737 non
245 2713 462 2746 exspectarat;
478 2709 603 2747 propria
619 2718 653 2739 so
672 2714 797 2748 captum
815 2711 926 2740 videns
945 2712 1147 2750 ingenuitate
1164 2715 1276 2749 animi,
1297 2725 1477 2754 quanquam
1495 2718 1601 2746 statim

0 2755 513 2796 ‹tcti1›oenttct›at‚putt01·etamen
530 2758 700 2793 adductus,
737 2759 768 2788 in
786 2761 945 2790 sententIa
974 2763 1112 2800 perstitit
1140 2786 1147 2793 .
1166 2785 1174 2792 .
1190 2785 1197 2792 .
1228 2765 1308 2794 ilinc
1325 2765 1429 2794 statim
1456 2770 1536 2796 natae
1554 2767 1602 2796 hm

0 2807 130 2844 merel-e,
161 2808 234 2838 binc
259 2809 331 2845 illre,
367 2812 400 2838 ut
424 2809 466 2838 ita
497 2809 773 2847 dican1‚lacrymte
801 2814 831 2840 et
848 2812 951 2841 creteri
972 2813 1088 2850 tbreni,
1116 2814 1282 2853 inquibus
1313 2821 1342 2847 et
1359 2819 1600 2856 patientiam,et

7 2854 80 2886 nimi
110 2858 216 2895 robur,
246 2867 280 2889 ac
311 2860 558 2892 moderationem
592 2861 623 2891 in
654 2865 715 2892 tam
733 2863 832 2900 probo
861 2865 930 2895 viro
947 2865 1110 2897 desideres
1129 2889 1135 2895 .
1152 2889 1159 2896 .
1176 2890 1182 2897 .
1201 2868 1386 2900 Ciceronem
1414 2879 1490 2902 sane
1506 2880 1600 2902 nemo
