1838 3046
187 74 233 101 tet

837 72 916 98 t'tTA
938 72 967 98 S.
987 72 1159 100 GttEGOsstt.

1744 70 1793 98 193

184 132 251 157 bens
268 131 305 162 (a)
320 129 451 162 episcopis
470 130 636 155 venerandus
652 137 732 155 senex
754 129 851 156 sactauu
866 130 914 155 sihi
928 130 966 155 iu-
984 132 1007 158 Α
1021 137 1071 163 ope
1087 134 1167 163 atque
1184 128 1281 155 auxilio
1299 128 1393 154 fretus.
1419 136 1427 152 ι
1452 127 1635 154 proficiscenti
1650 127 1718 160 patri
1733 127 1788 154 Gre-

184 176 283 210 iuriam
302 183 353 201 nou
369 175 565 206 dissimularit,
592 183 639 202 nec
661 180 749 202 tamen
765 176 858 202 adesse
879 176 968 202 detre-

187 221 282 247 ctarit.
303 221 335 246 At
356 228 415 246 cum
430 221 503 246 varia
518 221 574 247 sore
596 222 733 247 hominum
755 222 839 247 studia
868 222 893 247 in
920 221 969 246 eli-

185 267 270 301 gendo
289 266 413 300 episcopo
434 274 486 292 nou
506 267 651 298 dubitaret,
672 272 761 293 notum
783 267 845 293 fecit
865 267 970 300 episco-

187 312 226 345 pis
245 312 377 338 neminem
392 320 420 338 se
439 312 538 338 habere
555 320 633 346 quem
656 313 762 344 Basilio,
780 313 813 339 oh
836 311 894 344 ejus
910 311 970 338 vita:

188 357 359 383 sanctitatem
376 365 406 383 ac
422 358 550 384 doctrina¹
568 358 757 391 prtestautiam.
770 357 898 391 praeferre
911 364 971 390 pos-

187 403 238 433 sit;
256 410 305 429 nec
316 410 380 429 vero
395 403 465 428 illius
475 404 594 436 corporis
605 403 767 429 debilitatem
784 402 972 436 impedimento

187 454 245 473 esse
265 446 372 479 debere,
390 455 449 473 cum
467 448 618 481 episcopus,
637 455 687 472 nou
712 447 810 473 athleta
826 451 971 480 quaeratur.

187 493 325 520 Promittit
341 501 369 520 se
397 493 561 523 adfuturum,
580 493 601 519 si
626 492 781 525 sussragium
810 491 879 518 istud
904 491 974 518 rcci-

188 540 272 573 piant,
288 547 318 565 ac
344 547 454 572 operam
471 540 509 565 eis
525 539 647 564 daturum
663 538 702 563 rel
714 538 808 571 spiritu
825 537 864 563 rel
878 544 972 570 corpo-

189 592 232 616 re;
256 584 295 610 sin
315 589 404 610 autem
426 584 506 609 certis
530 583 726 609 conditionibus
742 582 783 608 ria
810 582 973 615 capessenda

192 638 236 663 stt,
253 640 284 659 ac
298 630 427 658 &ottones
443 634 536 656 contra
555 629 707 662 &quitatem
725 627 884 658 conflentur,
902 627 973 661 gavi-

189 687 280 705 surum
296 686 325 704 se
341 678 410 712 quod
426 677 505 703 suerit
522 680 701 709 contemptus.
720 675 817 701 Eadem
834 674 975 708 episcopus

191 726 381 752 Nazianzenus
398 726 430 750 de
446 724 553 753 Basilio,
564 730 643 756 quem
659 729 712 756 prae
730 720 835 747 caeteris
852 719 975 746 omuibus

1023 175 1112 208 gorius
1130 180 1219 201 noster
1233 174 1335 200 litteras
1353 173 1391 208 (Ιι)
1410 173 1441 199 ad
1454 177 1575 200 sanctum
1593 167 1735 200 Eusebium
1749 173 1793 199 de·

1020 221 1068 252 dit,
1081 220 1156 253 cujus
1170 220 1267 249 zetum,
1279 220 1566 253 smlores,gr:tta1uque
1579 219 1631 245 Deo
1645 219 1794 246 libertatem

1020 267 1120 298 laudat,
1139 271 1218 300 atque
1231 266 1254 292 ei
1281 270 1415 299 acceptam
1442 264 1524 291 refert
1540 269 1695 291 renovatam
1715 265 1795 298 patris

1021 316 1198 343 senectutem,
1216 313 1285 338 unde
1298 311 1378 337 ctiam
1393 318 1448 337 rem
1465 318 1495 337 ex
1509 311 1640 337 sententia
1656 317 1795 337 successu-

1023 367 1079 385 ram
1104 362 1203 392 sperat.
1223 367 1232 382 ‹
1250 358 1378 383 Senectus
1401 361 1552 387 renovatur,
1568 356 1674 382 morbus
1689 364 1797 391 supera-

1023 409 1075 435 tur,
1094 404 1161 430 lecto
1173 402 1260 429 affecti
1274 402 1395 431 exili-unt,
1413 402 1511 428 intirmi
1524 402 1641 436 potentia
1657 402 1785 437 acciugun

1022 454 1074 476 tur.
1094 449 1158 481 Qute
1181 450 1223 474 rc‘s
1235 448 1298 474 mibi
1329 448 1509 480 conjecturam
1540 447 1665 478 afferunt,
1694 448 1799 482 negotia

1023 499 1115 521 nostra
1130 502 1162 520 cx
1179 494 1259 520 animi
1280 494 1411 520 sententia
1432 500 1589 520 successura
1611 500 1681 521 esse.
1700 494 1737 521 Ac
1757 501 1789 528 pa

1025 545 1091 566 trem
1107 539 1223 574 quidem,
1240 544 1294 565 tum
1313 547 1371 568 suo,
1389 544 1442 565 tum
1466 543 1556 565 nostro
1572 539 1679 565 nomine
1705 539 1801 570 hahes.

1024 586 1163 620 pulchrum
1177 585 1309 611 universae
1319 584 1378 610 vinc
1388 590 1413 611 et
1429 586 1587 611 venerandae
1602 585 1708 612 canitiei
1722 585 1801 612 [inem

1025 632 1226 665 impositurum,
1244 631 1371 656 nimirum
1387 635 1545 663 praesentem
1563 631 1631 657 lianc
1649 638 1696 665 pro
1713 630 1801 658 Eccle-

1026 678 1063 703 sia
1081 676 1290 702 dimicationem.
1306 675 1340 701 At
1356 679 1459 701 certum
1480 675 1566 701 liabeo
1583 675 1650 707 sore,
1667 679 1694 701 ut
1720 676 1791 710 preci

1027 723 1075 749 bus
1091 722 1197 751 vestris.
1218 721 1314 754 quibus
1340 720 1423 747 troius
1445 728 1522 747 nenio
1552 728 1602 746 non
1631 721 1681 747 sibi
1703 721 1804 754 quidvis

189 772 339 805 eligendum
354 771 484 802 decernit,
495 769 621 796 Ecclesia·
633 767 791 794 thsarieusi
814 765 920 799 scripsit
932 763 978 799 (b),
994 761 1014 788 B
1030 768 1148 802 polliceri
1168 767 1257 799 debet,
1276 766 1418 793 tirntioiem
1441 774 1499 792 cum
1514 765 1743 800 valentiorcmque
1766 775 1805 792 rc-

194 825 254 850 quoe
267 816 413 843 honorifice
428 823 488 842 euin
503 815 640 841 invitarat.
665 813 736 839 Nihil
763 810 970 846 praetermissum

191 862 224 888 ab
243 862 343 896 optimo
357 869 429 892 sene.
448 866 476 886 ut
489 867 617 894 prospere
634 867 676 886 res
693 859 809 885 eederet.
830 866 838 881 ι
858 856 973 882 Litteras

190 907 327 933 scribebat
346 906 427 940 (quod
445 910 604 939 argumento
622 909 663 931 est
694 904 785 937 plures
800 901 833 928 ab
846 909 877 928 eo
894 901 974 927 tuisse

192 952 315 986 scriptas,
330 960 408 985 quam
423 951 593 985 supersunt),
608 950 743 980 mouebat,
756 948 915 975 conciliabat
926 953 974 980 po-

192 998 293 1031 pulum,
307 999 471 1029 sacerdotes,
487 1001 514 1023 et
527 997 655 1031 reliquos,
680 998 811 1030 quotquot
829 997 907 1020 erant
927 993 976 1019 cle-

193 1045 251 1077 rici,
281 1044 484 1074 obtestabatur,
508 1034 664 1076 suss'ragiuin
692 1040 813 1070 serebat,
835 1038 977 1065 ordinabat

193 1091 272 1117 ctiam
300 1091 387 1117 adlmc
410 1090 518 1121 absens,
544 1087 651 1115 canitiei
683 1094 737 1113 suae
762 1086 812 1112 hoc
836 1085 925 1115 dabat,
950 1088 978 1110 ut

195 1137 264 1169 apud
282 1136 392 1167 alienos,
412 1140 538 1168 tauquam
553 1132 621 1168 apud
642 1140 714 1163 suos,
734 1131 894 1157 auctoritate
917 1134 977 1155 ute-

195 1187 268 1209 retur
288 1182 336 1216 (c).
360 1192 368 1207 ι
392 1181 467 1208 llario
487 1180 694 1207 sollicitudiuem
713 1185 727 1203 a
745 1177 874 1210 Gregorio
888 1180 979 1210 postu-

195 1229 251 1254 lare
283 1228 425 1254 videbatur
458 1226 583 1252 Ecclesiae
616 1223 788 1251 Ctesariensis
817 1226 912 1251 status,
953 1220 979 1246 in

196 1282 248 1308 qua
279 1274 428 1300 animorum
458 1280 552 1305 magna
588 1276 645 1297 erat
669 1270 812 1297 dissensio.
849 1268 979 1296 Omnibus

197 1320 374 1354 praeferebant
404 1319 549 1349 Basiliam,
576 1317 665 1351 populi
695 1323 756 1350 pars
787 1314 979 1344 selectissima,

198 1367 340 1393 universus
359 1366 460 1396 clerus,
482 1369 589 1391 ascetae.
608 1364 706 1390 Verum
724 1362 878 1389 invidebant
893 1366 919 1387 et
935 1361 982 1387 ob-

198 1413 354 1439 nitebantur
370 1411 551 1445 1n:igistratus‚
577 1417 608 1436 ac
636 1410 734 1435 intimae
752 1408 836 1442 plebis
856 1407 981 1441 perditis-

199 1459 258 1485 simi
277 1459 376 1492 quique
391 1465 451 1484 cum
481 1456 683 1490 magistratibus
702 1454 848 1488 conjuncti,
866 1453 919 1479 imo
935 1452 982 1484 ipsi

203 1505 333 1538 episcopi,
346 1504 416 1537 quod
432 1503 537 1529 iocandi
553 1502 693 1528 materiam
711 1490 848 1534 religionis
863 1498 984 1524 hostibus

203 1550 350 1584 prmbebat.

203 1595 255 1624 XC.
278 1596 419 1622 Eusebium
436 1595 643 1621 Samosazensem
664 1598 796 1620 accersunt
814 1593 844 1619 ab
869 1592 984 1619 Oriente.

237 1641 371 1668 Praeterea
393 1648 451 1667 cum
473 1640 505 1666 ab
523 1640 630 1666 Arianis
644 1639 790 1674 perieulum
806 1643 932 1669 esset‚·ne
950 1637 986 1664 la-

203 1689 343 1715 borantem
361 1686 476 1713 dissidiis
494 1685 640 1712 Ecclesiam
655 1684 848 1711 Czesaricnsem
872 1691 986 1717 occupa-

203 1739 355 1767 reutatque
373 1736 536 1763 everterent,
557 1731 704 1765 Gregorius
726 1731 774 1764 (d),
800 1730 844 1764 qui
870 1729 986 1756 noudum

204 1780 298 1806 adesse
318 1783 432 1812 poterat,
446 1785 571 1811 magnum
583 1784 616 1802 ex
632 1776 744 1803 Oriente
768 1776 856 1801 lumen
874 1774 988 1801 accersit

205 1828 327 1851 sanctum
344 1823 487 1849 Eusebium
507 1823 735 1851 Samosatensscm,
754 1820 843 1847 missis
867 1827 915 1854 per
937 1820 988 1846 Eu-

207 1869 334 1896 statbium
354 1869 494 1895 diaconum
519 1867 626 1898 litteris,
644 1867 669 1893 in
688 1865 784 1900 quibus
806 1870 905 1900 quanto
931 1872 989 1891 rer-

206 1920 311 1941 saretur
330 1915 355 1940 in
372 1914 493 1948 periculo
508 1912 681 1939 Caesariensis
693 1910 812 1937 Ecclesia
825 1910 987 1937 declarabat.

207 1961 331 1989 Accurrit
349 1965 456 1986 sauctus
469 1963 569 1993 martyr
583 1959 608 1984 in
631 1958 839 1991 Cappadociam,
856 1957 926 1990 qttod
948 1963 990 1982 as-

208 2007 273 2033 serit
288 2005 401 2031 Basilius
423 2006 470 2038 (et.
495 2009 519 2029 et
538 2004 680 2030 confirmat
705 2003 853 2036 Gregorius
874 2002 905 2036 (s)
920 2021 926 2033 ‚
945 2002 989 2035 qui

211 2053 340 2086 Spiritum
356 2057 476 2078 sanctum
495 2051 527 2077 ab
542 2050 643 2077 exteris
668 2050 821 2083 regionibus
847 2049 916 2074 viros
934 2049 989 2082 pie-

997 1435 1017 1462 C

1024 815 1165 848 cipiamus⁴
1184 822 1192 838 ν
1212 813 1279 846 Spes
1294 812 1415 846 Gregorii
1432 812 1506 837 irrita
1535 819 1587 838 nou
1616 811 1675 838 t'uit.
1694 821 1712 837 -‹
1737 811 1806 838 Fieri

1026 860 1103 885 aliter
1123 866 1174 885 non
1200 862 1317 892 poterat,
1342 862 1370 883 ut
1393 857 1448 891 ipse
1472 857 1509 882 ait
1538 856 1585 891 (i),
1606 857 1669 890 quin
1694 856 1807 890 Spiritus

1031 909 1143 931 sauctus
1163 904 1294 933 vinceret:
1320 907 1400 936 atque
1416 902 1482 928 adeo
1498 902 1602 927 abunde
1615 901 1688 927 vicit.
1709 910 1717 925 ι
1736 900 1795 926 {tasi

1028 952 1080 978 lius
1093 951 1195 978 clectus
1209 950 1259 976 suit
1281 949 1456 976 Caesariensis
1480 948 1636 982 episcopus,
1656 947 1808 979 ordinatus,

1028 1002 1053 1024 et
1066 998 1092 1024 in
1108 998 1203 1024 throno
1220 997 1375 1023 collocatus.
1393 995 1496 1027 Quibus
1519 995 1644 1028 peractis,
1664 993 1809 1028 Gregorius

1028 1043 1073 1078 qui
1090 1042 1225 1077 profectus
1239 1043 1334 1073 tuerat,
1345 1051 1353 1066 a
1367 1041 1398 1076 (j)
1406 1040 1528 1067 vehiculo
1543 1048 1593 1066 nou
1605 1047 1683 1066 secus
1699 1046 1729 1065 ac
1740 1046 1810 1065 tuor-

1030 1094 1090 1115 tuus
1107 1089 1206 1115 feretro
1221 1088 1371 1121 impositus,
1390 1086 1497 1121 juvenis
1513 1086 1590 1117 redit,
1607 1086 1700 1112 firmus
1719 1092 1750 1111 ac
1765 1092 1809 1110 va-

1029 1136 1095 1166 leus,
1115 1135 1206 1161 oculos
1220 1139 1325 1160 erectos
1343 1133 1460 1163 hahens,
1472 1139 1486 1158 a
1502 1123 1628 1158 manuum
1645 1130 1811 1164 impositione

1030 1186 1057 1208 et
1074 1182 1210 1212 unctione,
1225 1180 1293 1206 addo
1305 1179 1397 1210 ctiam,
1423 1183 1449 1205 et
1472 1178 1504 1204 ab
1522 1177 1602 1209 illius,
1622 1177 1666 1211 qui
1692 1176 1811 1210 ungeba·

1031 1234 1084 1261 tur,
1102 1229 1189 1262 capite
1206 1227 1357 1254 roboratus.
1377 1226 1432 1252 noe
1449 1226 1529 1260 igitur
1544 1226 1575 1251 ad
1600 1225 1702 1259 priscas
1719 1232 1812 1250 narra-

1033 1276 1121 1302 tiones
1138 1274 1260 1304 accedat,
1274 1273 1344 1306 quod
1361 1272 1436 1299 labor
1449 1271 1590 1298 sanitatem
1611 1270 1698 1303 affert,
1714 1275 1740 1297 et
1756 1270 1813 1296 ani-

1033 1320 1068 1346 mi
1088 1320 1214 1346 alacritas
1229 1323 1350 1344 mortuos
1363 1318 1474 1349 excitat,
1492 1321 1518 1343 et
1531 1317 1605 1343 exilit
1616 1320 1738 1342 senectus
1751 1314 1813 1349 Spi-

1033 1365 1085 1391 ritu
1105 1364 1233 1390 delibuta.
1253 1373 1262 1389 2
1291 1363 1335 1390 Sic
1358 1363 1481 1395 Basilius,
1499 1361 1619 1397 Gregorii
1637 1360 1774 1393 utriusque
1788 1366 1815 1386 et

1035 1409 1119 1435 sancti
1143 1409 1251 1435 Eusebii
1268 1408 1467 1435 samosatensis
1486 1415 1577 1442 opera,
1591 1406 1716 1433 Ecclesia}
1731 1405 1816 1432 Caesa—

1036 1456 1131 1481 riensis
1159 1455 1340 1488 episcopatum
1368 1455 1485 1486 suscepit
1507 1460 1576 1479 anno
1592 1452 1653 1482 570,
1674 1456 1701 1478 ut
1723 1451 1814 1478 multis

1035 1501 1200 1535 argumentis
1214 1500 1357 1527 coufirmat
1382 1505 1473 1526 noster
1496 1499 1658 1526 Prudentius
1672 1498 1763 1524 ltlaran
1780 1497 1815 1532 (k)

1035 1553 1093 1582 post
1108 1547 1245 1573 Petavium
1260 1552 1285 1573 et
1303 1546 1502 1572 'Iilletnoutium
1522 1555 1527 1572 :
1550 1553 1598 1572 nec
1614 1545 1738 1571 audiendi
1755 1549 1816 1570 suut

1036 1593 1206 1619 Bollaudistae
1229 1597 1256 1619 et
1276 1592 1415 1622 Barouius,
1437 1591 1483 1625 qui
1513 1591 1639 1617 Basilium
1671 1598 1741 1617 anuo
1766 1590 1817 1616 369

1036 1640 1191 1665 ordinatum
1210 1638 1350 1669 scribunt3
1373 1637 1457 1663 multo
1475 1642 1564 1663 autem
1583 1637 1668 1670 tnagis
1689 1636 1818 1669 repellen-

1038 1685 1087 1711 dus
1102 1690 1143 1710 est
1159 1683 1267 1718 Pagins,
1286 1684 1331 1717 qui
1355 1683 1413 1717 ejus
1434 1682 1633 1709 ordinationem
1658 1682 1690 1708 ad
1720 1689 1817 1708 atmtun

1038 1736 1123 1761 usque
1133 1729 1183 1755 571
1201 1727 1300 1754 differt.

1040 1796 1116 1823 tht.
1137 1796 1278 1829 Greqorius
1308 1803 1352 1821 nec
1372 1794 1489 1820 electioni
1503 1793 1595 1820 Basilii
1622 1794 1750 1826 interfuit,
1775 1801 1820 1819 nec

1075 1839 1132 1857 eum
1147 1836 1201 1863 post
1217 1830 1364 1856 electionem
1377 1829 1476 1861 invisi1;
1490 1828 1590 1854 Basilio
1607 1829 1725 1864 querenti
1739 1836 1766 1854 se
1777 1836 1820 1854 ne-

1074 1866 1184 1899 ytecmm
1203 1865 1345 1898 respondit.

1076 1910 1182 1937 Nemini
1195 1910 1303 1935 dubium
1317 1908 1377 1940 suit,
1390 1908 1454 1942 quin
1468 1907 1624 1942 Gregorius,
1638 1908 1681 1942 qui
1695 1908 1819 1935 electioni

1040 1957 1130 1983 Basilii
1149 1963 1201 1982 nou
1219 1955 1397 1985 interfuerat,
1418 1955 1504 1980 electo
1529 1953 1711 1987 gratulaturus
1735 1954 1821 1980 Caesa-

1045 2010 1117 2029 ream
1133 2005 1301 2028 occurreret.
1316 1999 1413 2026 Verum
1430 1998 1593 2025 Christiana>
1611 1999 1745 2026 modestiat
1759 2007 1821 2025 cou-

1042 2048 1141 2080 sulens,
1157 2053 1237 2080 atquc
1266 2047 1360 2072 horum
1382 2049 1530 2079 temporum
1553 2044 1681 2070 iuvidiam
1707 2044 1821 2078 fugiens,

210 2103 263 2123 tate
278 2097 394 2130 insigues·
418 2096 527 2129 zeloque
543 2096 685 2130 flagrantes
702 2095 734 2121 ad
751 2095 902 2128 ungendum
918 2094 991 2120 Basi-
1006 2101 1030 2131 1)
1049 2101 1174 2129 represso
1191 2093 1306 2119 amicum
1319 2091 1426 2117 videndi
1444 2091 1585 2122 desiderio,
1607 2090 1675 2116 domi
1690 2097 1718 2117 se
1734 2091 1820 2117 contin

211 2144 275 2169 lium
293 2143 425 2169 excitasse
444 2147 566 2169 testatur.

212 2201 278 2228 XCI.
296 2200 411 2226 Basilius
427 2201 519 2226 clectus
533 2205 569 2225 est
585 2198 751 2225 cirsariensis
768 2198 911 2231 episcopm,
926 2196 989 2223 Cre-

439 2236 505 2268 yorti
524 2235 657 2267 utriusque
678 2242 764 2266 opera.

247 2282 315 2314 Quid
340 2282 435 2316 plura?
449 2282 514 2307 (lum
543 2288 635 2306 eorum
663 2286 775 2305 numero
796 2278 990 2311 episcoporum,

214 2328 258 2362 qui
275 2327 401 2354 Basilium
419 2332 496 2353 eraut
520 2325 724 2360 praemunituri,
744 2332 811 2350 unus
832 2324 935 2349 deesset
960 2323 991 2348 ad

214 2374 370 2400 canonicam
398 2372 569 2403 clectiouem;
601 2370 726 2396 Naziauzi
753 2371 903 2403 episcopus,
933 2378 941 2393 ι
958 2368 992 2403 (9)

216 2428 266 2446 non
282 2419 366 2446 solum
383 2423 533 2449 senectute,
552 2419 598 2443 sed
615 2418 694 2442 etiam
712 2416 804 2441 morbo
834 2415 944 2444 tractus,
963 2422 994 2440 ac

216 2472 282 2498 pene
299 2464 413 2490 animam
429 2471 520 2496 agens,
544 2463 594 2488 iter
609 2462 716 2495 aggredi
737 2469 787 2486 nou
809 2460 949 2491 dubitarit,
967 2465 995 2486 ut

216 2511 317 2538 calculo
335 2518 383 2537 suo
414 2509 570 2536 electionem
589 2509 704 2542 juvaret,
730 2507 845 2542 Spiritus
871 2506 993 2533 videlicet

255 2569 290 2601 (u)
306 2568 386 2601 Greg.
402 2567 450 2600 Ep.
469 2566 503 2590 al.
518 2565 562 2591 ⁶33.

254 2605 289 2635 (bl
309 2602 412 2632 ()Γ.18,
434 2611 458 2626 ιι.
474 2601 518 2626 Sti.

252 2639 285 2670 (c)
312 2638 357 2663 Or.
373 2638 418 2666 205,
435 2645 460 2662 u.
475 2637 519 2661 57.

256 2676 293 2703 td)
316 2672 362 2704 κὶμ.
390 2673 433 2701 47,
451 2672 519 2696 iuter
537 2668 692 2699 Basiliauas,
711 2676 735 2701 p.
760 2667 808 2692 ΗΟ

257 2711 289 2739 tr)
316 2708 362 2739 Ep.
387 2707 430 2731 48.

258 2744 295 2774 ts>
317 2743 361 2767 Or.
378 2742 422 2770 «25,
442 2750 466 2765 u.
482 2740 524 2765 57.

260 2784 294 2809 (ψ
315 2778 359 2801 0¹1
382 2776 421 2806 ta,
440 2785 464 2801 u.
488 2776 536 2805 312⁴,
559 2781 596 2799 or.
616 2773 657 2804 43,

1046 2140 1117 2171 nuit,
1135 2139 1204 2165 datis
1222 2138 1323 2164 interca
1352 2135 1458 2166 litteris,
1477 2136 1573 2169 quibus
1595 2143 1623 2162 se
1637 2143 1739 2161 summa
1761 2143 1821 2170 per-

1043 2186 1130 2213 fusum
1153 2185 1244 2211 laetitia
1262 2184 1346 2210 fuisse
1372 2182 1472 2209 fatetur
1490 2182 1531 2214 (l),
1550 2189 1609 2208 cum
1642 2181 1775 2208 lucernam
1807 2189 1820 2207 a

1044 2232 1145 2267 Spiritu
1162 2236 1256 2258 sancto
1276 2231 1380 2257 victore
1395 2236 1475 2263 supra
1493 2228 1680 2254 caudelabrum
1709 2227 1822 2261 positam

1045 2277 1199 2309 intellexit;
1221 2276 1356 2310 simulque
1373 2281 1468 2301 causas
1494 2281 1540 2299 cur
1559 2273 1649 2299 statim
1679 2273 1711 2298 ad
1737 2272 1821 2307 ipsum

1048 2332 1099 2351 non
1118 2323 1294 2353 advolaverit,
1314 2320 1434 2355 exponit,
1458 2327 1488 2345 ac
1507 2326 1539 2344 ue
1557 2319 1581 2344 id
1603 2326 1616 2344 a
1642 2326 1670 2344 sc
1697 2322 1822 2351 exposcat

1047 2375 1182 2405 precatur.
1202 2368 1321 2403 Gregorii
1339 2366 1484 2397 orationes,
1505 2372 1550 2390 seu
1568 2364 1754 2390 excusationes
1770 2371 1821 2389 nou

1046 2416 1149 2450 accepit
1166 2414 1292 2444 Basilius,
1309 2419 1390 2446 seque
1407 2411 1439 2437 ab
1457 2418 1488 2436 co
1503 2409 1656 2444 parvipendi
1678 2416 1709 2435 ac
1724 2409 1820 2443 negligi

1046 2466 1207 2495 conquestus
1219 2465 1269 2486 est.
1281 2456 1494 2490 Basiliiquerelis
1512 2455 1549 2482 sic
1569 2460 1694 2489 peracute
1714 2462 1822 2488 respon-

1045 2508 1082 2534 dit
1096 2507 1162 2541 (m):
1184 2515 1192 2531 ι
1212 2506 1239 2532 Si
1267 2504 1342 2531 uobis
1363 2507 1503 2537 propterea
1531 2508 1684 2534 succenses,
1709 2499 1777 2534 quod
1797 2503 1823 2526 te

1084 2564 1120 2594 (Ιι)
1139 2564 1184 2595 le.
1201 2563 1234 2588 al.
1250 2562 1294 2588 ⁶22).

1083 2600 1112 2632 (ι)
1134 2599 1179 2623 Or.
1194 2598 1238 2627 45,
1259 2606 1284 2622 tt.
1309 2596 1352 2622 57.

1083 2634 1115 2666 (j)
1141 2633 1204 2658 unit.

1081 2669 1116 2699 (h)
1141 2667 1199 2692 Vua
1221 2666 1280 2691 Βης.
1299 2664 1379 2695 015,
1395 2672 1420 2698 p.
1444 2665 1486 2690 83.

1081 2703 1110 2731 tl)
1138 2703 1182 2733 lap.
1200 2702 1232 2726 al,
1247 2702 1290 2726 Ἡ.

1081 2740 1124 2768 (ml
1141 2738 1184 2769 tiri.
1209 2737 1241 2762 al.
1263 2737 1301 2760 itt.
