1838 3046
159 123 226 150 1223

759 117 787 144 S.
809 114 972 143 uttsscotttt
995 110 1166 140 TllEOLOGl

1711 112 1776 140 ¹224

157 190 205 209 nec
223 181 330 211 mirum,
346 186 406 205 cum
427 177 507 205 etiam
533 177 618 212 ipsius
634 183 694 203 esse
717 176 827 202 minttue
851 173 944 199 lntma-
960 173 982 201 Α
996 171 1071 202 Θεὸς.
1086 171 1110 196 εἰ
1132 170 1236 204 γέγονε,
1255 169 1292 205 μὴ
1309 169 1368 204 Θεῷ
1386 169 1539 205 συνηγορῶν
1563 169 1696 204 διακενῆς,
1713 169 1779 195 Θεὸν

156 235 221 254 ιιιιιιι
240 227 285 253 sit.
307 224 407 251 Verttttt
434 224 498 251 illud
522 223 628 250 demum
658 226 758 251 metue,
780 226 812 246 ne
841 222 946 251 ternpus

156 272 195 300 illi
212 272 327 304 tribuas,
351 277 466 303 eumque
481 273 601 296 creatum
618 266 780 295 contendas.
796 263 855 290 Non
873 262 945 288 enim

157 329 277 364 profecto
297 328 367 354 Deus
385 326 447 358 erit,
461 326 482 353 si
500 329 606 353 creatus
624 322 714 355 suerit,
731 328 763 348 ac
776 328 809 347 ne
833 319 880 346 Dei
896 326 945 353 pa-

159 374 305 401 trocinium
331 373 466 399 incassum
483 370 642 404 suscipiens,
671 368 754 394 Deum
776 365 862 397 tollas,
882 371 946 391 con-

159 427 266 447 servum
283 423 357 445 tunm
375 425 436 445 eum
455 416 567 448 faciens,
586 415 631 449 qui
655 412 734 441 simul
753 412 825 439 Deus
848 414 899 441 est,
920 413 947 436 et

159 466 204 500 qui
221 470 246 492 te
265 471 371 499 quoque
392 472 423 490 ex·
443 462 572 489 servitute
594 461 621 487 in
642 460 796 486 libertatem
819 456 947 487 vindicat,

159 511 181 536 si
201 509 279 536 modo
301 516 365 535 vere
377 513 404 534 et
419 507 524 534 sincere
537 505 684 531 dominium
700 501 865 530 confitearis.
882 499 950 526 Pro-

160 555 308 582 cessionem
343 562 375 580 ne
404 553 496 579 timeas
520 560 526 577 z

161 602 206 636 qui
238 602 263 628 in
284 600 408 626 omnibus
429 599 504 625 dives
537 601 598 628 est;

998 216 1104 251 ἀνέλῃς,
1117 217 1258 251 ὁμόδουλον
1277 215 1362 242 ποιῶν
1381 215 1411 241 τὸ
1432 215 1554 250 ὁμόθεον,
1576 215 1590 241 ὃ
1611 215 1658 242 καὶ
1683 215 1711 240 σὲ
1732 215 1779 250 τῆς

998 262 1118 294 δουλείας
1132 263 1277 298 ἐλευθεροῖ,
1293 263 1325 289 ἃν
1342 261 1458 296 γνησίως
1475 261 1529 296 (87)
1540 262 1671 297 ὁμολογῇς
1684 262 1779 288 δεσπο-

997 307 1081 334 τείαν.
1095 307 1141 342 Μὴ
1151 307 1270 342 φοὸηθῇς
1282 307 1330 342 τὴν
1345 307 1470 342 πρόοδον·
1480 307 1510 332 οὐ
1525 306 1578 342 γὰρ
1591 307 1711 342 ἀνάγκην
1723 307 1778 342 (88)

998 353 1053 389 ἔχει
1068 353 1144 385 Θεὸς,
1166 353 1183 388 ἢ
1202 353 1239 388 μὴ
1254 352 1425 387 προὸάλλειν,
1444 352 1460 387 ἢ
1485 352 1645 387 προὸάλλειν
1668 352 1778 387 ὁμοίως,

1000 404 1013 429 ὁ
1032 403 1120 429 πάντα
1148 400 1286 431 πλούσιος·
1313 399 1444 434 φοῆήθητι
1471 398 1499 425 δὲ
1521 399 1569 434 τὴν
1595 398 1779 433 ἀλλοτρίωσιν,

1000 448 1047 474 καὶ
1063 447 1111 482 τὴν
1124 446 1251 480 κειμένην
1266 444 1388 479 ἀπειλὴν,
1405 444 1434 470 οὺ
1451 445 1505 474 τοῖς
1522 442 1699 477 θεολογοῦσιν,
1715 442 1781 469 ἀλλὰ

1001 496 1056 526 τοῖς
1072 491 1259 528 βλασφημοῦσι
1274 491 1303 517 τὸ
1320 490 1430 525 Πνεῦμα
1445 489 1475 515 τὸ
1492 489 1578 523 ἅγιον,

551 558 600 577 nee
621 551 692 577 euim
724 549 777 576 Deo
795 554 906 576 necesse
931 549 973 572 est
991 550 1044 570 non
1069 541 1284 575 producere,aut
1297 537 1376 564 simili
1391 537 1495 563 ratione
1519 535 1677 570 producere,
1692 538 1783 569 utpote

638 603 731 622 rerum
765 593 955 621 alienationem
984 592 1084 618 metue,
1112 593 1143 612 ae
1170 583 1404 611 comminationem
1431 589 1489 609 eam
1521 589 1580 616 quae
1605 589 1651 608 eos
1684 585 1782 613 manet,

161 657 213 676 non
232 647 276 682 qui
296 645 426 680 Spiritum
452 647 575 670 sanctum
599 642 682 668 Deum
697 648 759 667 esse
774 639 944 674 profitentur,
965 634 1011 663 sed
1026 632 1071 668 qtti
1083 639 1143 659 eum
1159 629 1327 658 contumeliis
1340 628 1467 656 afficiunt.

198 692 288 719 xx‘ttt.
306 691 386 722 Cave,
404 697 436 715 ue
453 689 530 715 unius
547 687 689 721 imperium
713 685 783 712 male
802 684 887 715 colas,
910 682 950 709 di-

162 737 300 763 vinitatem
318 733 480 759 contrahens
515 736 560 758 ant
587 730 800 762 circumcidens;
822 736 872 756 nec
899 727 949 754 tri—

165 783 245 810 tbeim
265 781 368 808 crimen
386 779 433 806 tibi
449 782 576 811 pudorem
596 780 711 807 moveat.
734 775 853 809 quandiu
881 774 948 800 alius

1038 678 1092 704 ttt'.
1105 677 1180 710 Μήτε
1193 675 1241 710 τὴν
1255 673 1398 709 μοναρχίαν
1411 673 1501 704 κακῶς
1513 673 1639 707 τιμήσῃς,
1653 669 1785 706 συναιρῶν

1002 724 1018 759 ἢ
1036 722 1207 759 περικόπτων
1227 721 1356 755 θεότητα·
1386 719 1452 754 μήτε
1469 719 1499 744 τὸ
1517 719 1565 753 τῆς
1586 718 1706 753 τριθεΐας
1729 716 1784 752 (89)

1001 770 1125 805 ἔγκλημα
1142 767 1297 802 αἰσχυνθῇς,
1315 766 1367 797 ἕως
1381 765 1412 791 ἂν
1425 765 1470 791 καὶ
1483 764 1560 796 ἄλλος
1577 764 1631 799 (90)
1646 763 1787 799 κινδυνεύῃ

165 835 273 863 qnoque
290 827 383 854 eadem
413 826 517 852 ratione
551 825 576 850 in
610 810 718 850 ditbeitc‘*
746 821 866 856 periculo
892 828 953 847 ver-
968 811 989 838 Β
1003 817 1051 852 τὴν
1064 815 1174 842 ctorem.
1192 814 1226 839 ’Ἡ
1240 813 1294 848 γὰρ
1306 811 1467 842 συνέλυσας,
1482 811 1498 845 ἢ
1518 810 1723 846 συνηπόρησας,
1740 809 1757 845 ἣ
1773 810 1787 835 ὁ

165 880 249 901 satur.
280 873 332 899 Aut
357 872 428 899 enim
443 879 502 897 cum
522 870 568 896 illo
582 869 685 896 crimen
702 868 836 901 objectum
850 867 951 894 dilttes:

165 925 209 945 aut
227 926 285 945 rum
299 918 343 944 illo
355 917 487 944 brerebis:
503 920 548 942 aut
566 914 609 941 ille
620 914 726 948 quidem
745 913 823 939 simul
835 920 894 939 cum
913 920 954 938 ra-

167 965 284 991 tionibus
308 964 364 990 suis
384 962 532 990 divinitatis
572 960 743 993 naufragium
780 959 874 991 saciet,
907 958 954 985 tibi

166 1019 230 1037 voro
256 1010 398 1037 incolumis
440 1008 566 1035 diviuitas
604 1005 780 1041 permanebit.
809 1005 848 1032 Ac
864 1005 885 1031 si
913 1011 955 1030 ra-

168 1057 204 1083 tio
221 1057 275 1090 ipsa
292 1054 475 1081 imbecillitate
500 1053 640 1084 laborarit.
665 1051 750 1079 satius
765 1054 806 1077 est
823 1050 849 1076 in
873 1049 956 1076 ratio-

169 1103 246 1128 nibus
274 1101 408 1129 laborare.
429 1100 491 1125 dum
521 1098 651 1133 Spiritum
679 1096 774 1123 ducem
800 1102 955 1129 sequamur,

169 1156 248 1181 quant
266 1147 355 1180 impiis
369 1144 540 1179 dogmatibus
558 1144 637 1170 facile
657 1142 794 1174 assentiri,
810 1142 873 1169 dum
902 1142 956 1168 otio

170 1197 262 1219 nostro
278 1196 304 1218 et
318 1190 427 1217 desidiae
447 1189 624 1216 consulimus.
647 1187 792 1214 Instantius
811 1191 838 1213 et
851 1185 956 1220 opposi-

171 1239 267 1269 tiones,
285 1243 435 1271 novamque
447 1235 584 1269 pietatem,
600 1233 755 1267 etjejunam
776 1239 808 1258 ac
826 1231 955 1258 minutam

173 1283 332 1317 sapientiam
350 1286 502 1312 contemne,
518 1285 544 1307 et
561 1279 668 1314 quidem
686 1278 781 1312 tnagis.
798 1284 877 1311 quam
894 1284 956 1302 ara-

172 1336 283 1355 nearum
304 1327 381 1356 telas.
399 1333 457 1360 qua:
479 1333 586 1352 muscas
613 1324 720 1358 quidem
742 1323 868 1354 retinent,
885 1329 899 1348 a
914 1329 958 1348 ve-

171 1375 227 1408 spis
243 1378 330 1400 autetn
353 1376 574 1406 perrumpttntur,
590 1378 622 1396 ue
642 1369 729 1396 dicant
753 1375 767 1394 a
791 1367 891 1402 digitis,
914 1371 958 1393 aut

170 1419 252 1455 469
275 1419 328 1444 alio
349 1417 474 1451 quopiam
507 1415 623 1449 graviori
645 1422 770 1448 corpore.
797 1413 852 1440 lloe
876 1420 956 1439 unum

1006 862 1055 897 μὲν
1074 860 1225 894 ἐναυάγησε
1249 858 1318 894 μετὰ
1343 857 1396 883 τῶν
1423 856 1560 891 λογισμῶν
1587 856 1633 882 καὶ
1662 856 1785 891 θεότητα,

1006 908 1046 934 σοι
1061 907 1088 933 δὲ
1104 906 1253 941 παρέμεινε
1269 904 1373 939 θεότης.
1392 903 1447 929 Καὶ
1468 904 1492 928 εἱ
1513 903 1527 928 ὁ
1547 902 1624 936 λόγος
1642 902 1785 937 ἠσθένησε,

1005 955 1130 989 κρεῖσσον
1155 953 1253 987 καμεῖν
1276 950 1330 985 (Ol)
1356 950 1384 976 ἐν
1407 950 1463 981 τοῖς
1487 949 1624 984 λογισμοῖς
1648 948 1716 983 μετὰ
1739 948 1788 983 τῆς

1005 992 1115 1033 ὁδηγίας
1137 996 1182 1023 τοῦ
1201 995 1367 1030 Πνεύματος,
1383 994 1399 1029 ἢ
1420 994 1570 1029 προχείρως
1593 993 1722 1028 ἁσεὸῆσαι
1740 993 1788 1027 τὴν

1007 1042 1146 1079 ῥᾳστώνην
1160 1042 1300 1069 διώκοντα.
1317 1041 1435 1068 Διάπτυέ
1454 1049 1497 1076 μοι
1514 1040 1560 1071 τὰς
1576 1039 1725 1070 ἐνστάσεις,
1742 1039 1789 1064 καὶ

1005 1089 1054 1120 τὰς
1078 1088 1239 1119 ἀντιθέσεις,
1268 1087 1314 1114 καὶ
1335 1086 1384 1122 τὴν
1408 1086 1470 1112 νέαν
1494 1085 1547 1121 (92)
1568 1084 1717 1116 εύσέδειαν,
1743 1084 1789 1110 καὶ

1006 1134 1055 1169 τὴν
1071 1133 1228 1169 μικρολόγον
1244 1133 1355 1167 σοφίαν·
1373 1132 1419 1158 καὶ
1431 1131 1543 1158 διὰπτυε
1559 1131 1639 1156 πλέον
1656 1131 1672 1165 ἢ
1690 1130 1724 1156 τὰ
1737 1129 1789 1156 τῶν

1007 1181 1142 1217 ἀραχνίων
1159 1180 1277 1214 νήματα,
1305 1178 1384 1214 μυίας
1410 1178 1457 1213 μὲν
1475 1177 1635 1213 κρατοῦντα,
1663 1176 1743 1212 σφηξὶ
1762 1175 1790 1202 δὲ

1008 1226 1176 1262 ρηγνύμενα,
1186 1225 1260 1251 οὔπω
1270 1224 1342 1259 λέγω
1355 1223 1505 1256 δακτύλοις,
1517 1223 1576 1249 οὐδὲ
1588 1223 1659 1257 ἄλλῳ
1672 1231 1723 1248 τινι
1737 1221 1790 1248 τῶν

1008 1272 1164 1308 βαρυτέρων
1185 1271 1327 1306 σωμάτων.
1348 1271 1395 1296 Ἓν
1417 1270 1524 1296 δίδασκε
1548 1268 1685 1303 φοίίεῖσθαι
1700 1268 1789 1303 μόνον,

1007 1318 1038 1344 τὸ
1050 1318 1123 1344 λύειν
1147 1318 1196 1352 τὴν
1214 1317 1304 1343 πίστιν
1325 1317 1353 1343 ὲν
1374 1317 1430 1347 τοῖς
1450 1315 1622 1351 σοφίσμασιν.
1648 1315 1684 1341 Οὐ
1708 1313 1792 1340 δεινὸν

1007 1364 1156 1400 ἡττηθῆναι
1168 1364 1249 1398 λόγῳ,
1268 1363 1298 1389 οὐ
1320 1362 1373 1398 γὰρ
1391 1362 1499 1388 πάντων
1516 1363 1530 1388 ὁ
1547 1361 1639 1395 λόγος·
1662 1361 1746 1387 δεινὸν
1764 1360 1791 1386 δὲ

1009 1410 1178 1445 ζημιωθῆναι
1202 1409 1325 1444 θεότητα,
1351 1408 1458 1434 πάντων
1479 1408 1532 1442 γὰρ
1558 1408 1573 1442 ἡ
1596 1407 1680 1439 ἐλπίς.
1701 1406 1792 1433 Ταῦτα

172 1474 220 1492 nos
237 1465 323 1491 timeri
345 1464 421 1495 doce,
441 1463 566 1489 nimirum
584 1469 617 1488 ne
643 1462 668 1487 in
686 1460 796 1495 argutiis
812 1464 838 1486 et
854 1459 958 1492 captio·
972 1479 992 1506 C
1011 1457 1059 1491 μὲν
1078 1454 1124 1481 οὖν
1145 1455 1191 1481 καὶ
1211 1454 1281 1480 κατὰ
1307 1454 1416 1480 σεαυτὸν
1443 1453 1642 1488 φιλοσοφήσειν,
1667 1451 1713 1478 οἵδ’
1741 1453 1791 1484 ὅτι,

173 1512 251 1537 nibus
265 1511 343 1537 tidem
360 1509 504 1536 solvamus.
524 1507 655 1534 Sermone
672 1506 770 1532 victum
788 1512 847 1532 esse
875 1504 955 1530 mini-

173 1566 215 1583 tue
229 1564 309 1591 grave
325 1561 405 1588 atque
419 1554 544 1581 acerbum
561 1557 611 1583 est,
624 1560 676 1578 uon
691 1551 761 1578 euim
779 1550 900 1578 omnium
916 1554 958 1576 est

173 1609 282 1627 serutc:
303 1605 407 1626 atvero
428 1607 509 1633 grave
523 1603 548 1625 et
573 1598 699 1624 acerbum
722 1601 764 1623 est
789 1595 894 1622 deitatis
917 1594 958 1628 ja-

173 1651 276 1673 cturam
292 1645 400 1676 secisse,
417 1644 537 1671 omnium
555 1643 626 1670 enim
639 1647 680 1669 est
695 1649 767 1676 spes.
786 1642 885 1668 Verum
902 1640 959 1666 baec

1011 1500 1213 1537 προθυμότερόν
1244 1509 1272 1526 τε
1303 1499 1358 1535 (95)
1387 1499 1433 1526 καὶ
1459 1499 1634 1534 τελεώτερον
1663 1499 1793 1533 ἐγγυᾶταί

1013 1556 1056 1583 μοι
1073 1547 1127 1581 (D-l)
1142 1546 1175 1573 τὰ
1190 1546 1223 1572 σάι
1238 1545 1392 1581 τραύματα,
1408 1546 1453 1572 κα).
1466 1545 1494 1571 τὺ
1512 1545 1556 1571 σὺν
1575 1546 1651 1580 σῶμα
1669 1545 1738 1581 ὑπὲρ
1749 1545 1793 1571 εὐ-

1011 1592 1118 1623 σεὸείας
1133 1592 1285 1627 πεπονηκός
1295 1601 1301 1607 ·
1315 1592 1361 1618 καλι
1377 1592 1456 1626 ἡμεῖς
1467 1591 1494 1617 δὲ
1513 1591 1793 1626 συμφιλοσοφήσομεν,

1012 1640 1060 1674 ὅοη
1076 1639 1132 1673 (93)
1147 1638 1270 1673 δύναμις.

175 1693 230 1726 ipse
245 1698 290 1725 per
305 1695 341 1721 te,
354 1694 396 1716 sat
410 1689 477 1720 seio,
488 1688 638 1723 promptius
656 1692 683 1713 et
696 1685 841 1721 perfectius
852 1684 1083 1719 pltilosopbaberis
1093 1692 1101 1716 3
1113 1683 1139 1710 id
1153 1684 1216 1710 milti
1231 1683 1339 1710 vulnera
1351 1687 1394 1709 tua
1409 1681 1794 1717 spondent,corpusqueistud‚

174 1737 244 1772 quod
262 1743 310 1771 pro
323 1735 421 1769 pietate
434 1733 580 1768 permultos
592 1733 696 1759 labores
707 1730 872 1762 exantlavit;
893 1737 995 1764 nosque
1009 1730 1088 1756 etiam
1106 1737 1157 1755 uua
1174 1735 1260 1756 tecum
1277 1736 1326 1762 pro
1341 1728 1411 1754 virili
1429 1733 1518 1754 nostra
1536 1727 1794 1761 pltilosopltabimttr.

212 1784 281 1812 th.
298 1784 333 1811 At
348 1788 387 1815 tu,
404 1790 464 1809 cum
480 1781 614 1816 egregiam
628 1778 871 1814 peregrinationem
885 1778 959 1804 obie-

176 1833 224 1863 ris,
241 1830 391 1861 Trinitatis,
408 1829 434 1856 in
455 1826 636 1855 tabernaculis
659 1825 818 1858 habitantis,
832 1825 853 1852 si
870 1829 958 1851 tamen

177 1877 246 1903 Deus
261 1875 370 1901 omnino
391 1874 417 1900 in
442 1872 604 1900 manufactis
624 1871 738 1901 habitat.
765 1877 868 1896 memor
891 1874 960 1900 esto,

177 1921 325 1955 messisque
341 1920 420 1954 bnjtts
432 1919 545 1953 exiguae,
561 1926 613 1945 non
628 1925 660 1944 ex
675 1917 765 1951 parvis
783 1916 889 1950 quidem
909 1916 962 1950 pie-

179 1969 240 1994 tatis
259 1967 418 1997 seminibus,
440 1972 528 1999 parvae
556 1970 643 1990 tatueu
669 1963 757 1989 adhuc
780 1967 806 1989 et
826 1962 915 1993 exilis,
935 1966 963 1988 et

178 2022 237 2048 qua}
255 2012 382 2048 paulatim
408 2011 558 2044 colligatur.
579 2009 654 2035 Facti
678 2009 750 2035 enim
775 2016 868 2035 sumus
893 2008 963 2034 sicut

179 2060 223 2093 qui
239 2058 363 2093 stipulam
380 2058 405 2083 in
423 2064 509 2082 messe
524 2055 665 2089 colligunt,
683 2058 712 2080 ut
738 2061 798 2080 cum
829 2053 961 2087 Propheta

180 2109 328 2140 opportune
349 2103 451 2137 loquar,
467 2107 493 2128 et
519 2101 668 2128 racemulos
692 2100 718 2126 in
738 2099 882 2132 vindemia,
899 2107 960 2126 eunt

217 2194 271 2229 (87)
293 2194 342 2219 Ἃι-
360 2192 498 2227 qvi-nolum.
520 2190 564 2217 Sic
588 2189 706 2225 plerique
720 2189 799 2215 codd.
825 2189 853 2215 ln
869 2188 958 2221 editis,

182 2232 318 2258 mendose.
334 2228 478 2262 ἁγνησίιιις.

218 2265 271 2298 (88)
283 2265 322 2289 οὺ
335 2262 604 2297 wimarcham-‚ete
614 2259 719 2286 Billius:
736 2267 744 2283 ι
757 2257 811 2284 Nec
826 2258 895 2285 enim
908 2258 962 2285 Deo

183 2300 223 2326 vel
235 2300 380 2333 producere
391 2298 429 2323 rel
438 2305 488 2323 uon
501 2297 646 2331 producere
655 2301 764 2320 necesse
774 2298 825 2324 est,
836 2298 926 2327 utpote
936 2294 962 2320 in

184 2334 306 2360 ountibus
334 2333 419 2359 diviti.
435 2341 442 2357 ι
468 2332 512 2358 Sic
536 2331 615 2357 etiam
644 2329 758 2355 Nicetas.
784 2327 881 2354 Verum
908 2336 962 2354 non

184 2369 308 2395 videntur
322 2367 442 2399 Gregorii
458 2370 572 2392 mentem
587 2363 711 2391 assecuti.
731 2362 790 2389 ttaze
804 2363 875 2389 enim
893 2364 962 2389 dicta

185 2409 246 2431 sunt
259 2404 290 2430 de
302 2403 418 2436 Spiritus
430 2401 513 2427 sancti
529 2400 707 2434 processione,
722 2406 781 2431 que
799 2403 860 2423 tunc
874 2405 888 2423 a
906 2398 964 2432 pln-

185 2440 257 2465 rtbtts
271 2438 485 2471 impugnabatur.
498 2436 572 2462 Unde
583 2433 726 2468 Gregorius
737 2433 788 2458 ait:
803 2441 811 2457 ι
825 2432 861 2458 Ne
872 2433 964 2460 titneas

185 2473 383 2507 processionem
400 2481 404 2497 :
421 2478 469 2497 nee
485 2471 556 2497 enim
574 2469 628 2495 Deo
644 2474 752 2495 necesse
768 2473 818 2497 est,
834 2476 884 2493 non
904 2476 963 2501 pro-

186 2511 293 2538 ducere,
308 2512 353 2533 aut
367 2506 446 2533 sitnili
463 2505 540 2531 modo
558 2504 713 2538 producere.
730 2511 738 2526 ›
756 2502 830 2534 quasi
854 2503 962 2528 ttu‘tctttn

186 2544 211 2569 in
232 2544 285 2569 Deo
305 2546 375 2569 esset
391 2539 552 2574 producendi
570 2546 663 2572 genus,
687 2537 790 2563 scilicet
813 2544 860 2570 per
884 2545 965 2572 gene-

188 2579 328 2607 rationem,
345 2577 380 2602 ita
403 2581 430 2601 ιιι
449 2575 565 2609 Spiritus
583 2577 700 2603 sauctuS,
716 2579 775 2597 ettttt
791 2579 823 2597 ox
841 2572 894 2598 Deo
918 2573 963 2602 sit,

188 2614 296 2638 deberet
317 2618 422 2645 quoque
444 2617 503 2636 esse
530 2608 646 2643 genitus.
671 2607 740 2633 sicut
768 2606 868 2639 Filius;
894 2607 965 2641 quod

188 2647 294 2680 qtt'ttlettt
309 2651 349 2673 est
365 2650 457 2671 contra
474 2644 582 2670 Deitatis
602 2642 717 2668 divitias.

224 2682 279 2715 (89)
302 2681 438 2713 Τριθεΐιις.
456 2679 541 2708 l‘ass..
558 2676 680 2712 Τριὰδος.
707 2675 768 2702 lltec
796 2675 967 2701 Macedonio-

191 2724 248 2742 rum
267 2715 468 2748 ι)·.ιιί11;ιιιο,ιμι“ι
486 2713 581 2739 Filium
601 2712 708 2745 quidem
730 2710 813 2737 Deum
830 2710 966 2743 dicebant,

192 2759 242 2776 nun
259 2758 321 2776 vero
340 2750 468 2784 Spiritum
485 2753 618 2774 sanctum.

227 2785 282 2818 (90)
303 2785 355 2811 και
371 2784 474 2814 itt-twe-
494 2782 540 2809 Or.
554 2782 579 2813 t,
595 2781 641 2806 και
658 2780 738 2813 ἄλλῳ.

227 2820 282 2856 (91)
302 2818 516 2854 Κιιμεῖικ-ιὶυιει.
535 2817 560 2850 l,
574 2821 600 2844 et
616 2816 702 2846 l‘ass.,
715 2814 836 2848 κάμνειν.
851 2814 916 2842 Male
943 2814 968 2840 in

1046 1777 1096 1803 ΙΘ’.
1116 1777 1150 1802 Σὺ
1177 1776 1204 1802 δὲ
1223 1776 1286 1802 ὅταν
1296 1775 1351 1810 (96)
1369 1775 1526 1810 ἑκδημήσῃς
1541 1774 1590 1809 τὴν
1607 1774 1691 1809 καλὴν
1715 1774 1796 1808 ἐκδη-

1014 1824 1086 1858 μίαν,
1104 1821 1224 1857 μέμνησό
1244 1831 1287 1856 μοι
1300 1822 1349 1856 τῆς
1361 1821 1474 1856 Τριὰδος
1489 1822 1517 1846 ἐν
1532 1821 1641 1855 σκηναῖς
1657 1819 1796 1846 κατοικού-

1014 1879 1062 1904 σης
1074 1870 1141 1905 (97),
1160 1870 1236 1905 εἴπερ
1249 1869 1316 1900 ὅλως
1327 1871 1354 1895 ἐν
1369 1870 1566 1904 χειροποιήτοις
1580 1869 1648 1894 οἰκεῖ
1657 1868 1710 1903 (98)
1719 1868 1795 1899 Θεὸς,

1013 1918 1060 1943 καὶ
1079 1917 1124 1942 τοῦ
1143 1916 1240 1952 μικροῦ
1263 1916 1357 1942 τούτου
1383 1916 1487 1950 θέρους.
1505 1916 1554 1942 οὐκ
1577 1916 1607 1941 ἐκ
1626 1915 1729 1951 μικρῶν
1747 1914 1796 1949 μὲν

1014 1963 1067 1988 τῶν
1088 1963 1138 1996 τῆς
1162 1962 1301 1993 εὐσεὸείας
1319 1961 1494 1997 σπερμάτων,
1511 1961 1579 1997 πλὴν
1601 1961 1640 1988 ἔτι
1656 1961 1751 1996 μικροῦ
1766 1970 1795 1987 τε

1015 2008 1062 2034 καὶ
1079 2008 1217 2042 πενιχροῦ,
1233 2008 1279 2034 καὶ
1292 2007 1351 2034 κατ’
1370 2008 1458 2042 ὀλίγον
1476 2007 1667 2042 συναγομένου.
1686 2007 1795 2042 Ἐγενή-

1016 2055 1101 2089 θημεν
1113 2055 1167 2088 (99)
1183 2054 1236 2089 γὰρ
1253 2054 1290 2085 ὡς
1317 2054 1477 2088 συνάγοντες
1500 2054 1625 2089 καλάμην
1642 2055 1670 2080 ὲν
1687 2054 1796 2088 ἀμήτῳ,

1014 2101 1038 2126 εἰ
1051 2100 1091 2126 δεῖ
1104 2099 1133 2126 τὺ
1147 2099 1193 2126 τοῦ
1211 2099 1352 2134 Προφήτου
1368 2100 1453 2125 εἰπεῖν
1471 2100 1498 2125 ὲν
1516 2099 1612 2134 καιρῷ,
1626 2099 1672 2124 καὶ
1685 2098 1722 2129 ὡς
1738 2099 1797 2124 ἐπι-

1012 2189 1088 2219 etlit.,
1102 2189 1210 2223 κᾲμεῖν.

1049 2225 1103 2258 (92)
1124 2224 1178 2251 Καὶ
1197 2224 1254 2257 τὴν
1271 2223 1354 2251 νέαν.
1371 2224 1415 2251 Sic
1435 2227 1489 2250 tres
1505 2223 1599 2257 Regg„
1618 2223 1664 2250 Or.
1679 2222 1703 2254 1,
1720 2222 1795 2250 Pass.

1014 2260 1091 2286 Deest
1105 2259 1150 2285 καί
1167 2260 1191 2284 ιιι
1206 2259 1269 2285 edit.

1049 2294 1104 2328 (95)
1124 2294 1349 2327 Προθυμιῐτερόν
1374 2302 1416 2320 τε.
1442 2293 1488 2320 Sic
1505 2297 1559 2320 tres
1576 2293 1657 2327 [legg.
1671 2297 1697 2319 et
1720 2291 1795 2319 pass.

1013 2328 1041 2355 ln
1058 2329 1113 2359 ed„
1130 2329 1331 2363 προθυμότερόν
1347 2338 1383 2355 τι.

1050 2363 1106 2397 (94)
1132 2363 1286 2398 'Ery-mimi
1295 2373 1356 2398 μοι.
1375 2365 1400 2390 ιιι
1415 2363 1583 2397 quibusdam,
1598 2362 1683 2396 ἐγγυᾷ
1694 2361 1723 2388 τέ
1740 2371 1796 2396 μοι.

1049 2398 1105 2433 (95)
1126 2399 1210 2431 Ὅση.
1230 2398 1318 2430 pass„
1333 2399 1370 2430 ὡς
1385 2400 1413 2433 ὴ.

1050 2434 1105 2467 (96)
1126 2434 1167 2460 Σὺ
1187 2434 1220 2459 δὲ
1241 2433 1323 2464 ὅταν,
1341 2439 1394 2460 etc.
1420 2432 1563 2459 Maximum
1586 2431 1628 2457 bie
1655 2431 1797 2464 compellat

1016 2468 1174 2501 Gregorius,
1189 2473 1269 2501 atque
1285 2477 1345 2495 eum
1363 2473 1448 2502 rogat,
1463 2472 1502 2498 ιιι,
1519 2473 1577 2492 cunt
1593 2466 1796 2497 Alexandriam,

1016 2503 1192 2530 consessionis
1209 2504 1291 2537 gloria
1317 2504 1471 2533 decoratus,
1489 2508 1611 2527 reversus
1632 2500 1722 2531 fuerit,
1744 2500 1798 2527 illie

1016 2538 1066 2564 sibi
1089 2545 1190 2572 suoque
1216 2538 1288 2572 gregi
1306 2538 1393 2565 faveat
1415 2536 1484 2571 apud
1502 2535 1711 2562 Alexandrinum
1728 2536 1797 2561 anti-

1019 2573 1119 2603 stitem,
1135 2573 1212 2606 cujus
1241 2581 1335 2606 magna
1363 2577 1422 2599 crat
1448 2571 1473 2596 in
1499 2570 1796 2604 Constantinopolitana

1017 2608 1136 2634 Ecclesia
1151 2608 1306 2633 auctoritas⁸
1322 2608 1373 2634 Sed
1388 2614 1434 2633 sua
1447 2605 1604 2640 Gregorittm
1619 2611 1680 2639 spes
1693 2604 1796 2636 refellit,

1018 2646 1046 2668 ut
1062 2650 1122 2668 mot
1139 2643 1294 2668 videbimus.

1054 2676 1109 2712 (θῖ)
1135 2678 1186 2703 Ἐν·
1211 2676 1337 2709 σκηναῖς
1357 2676 1567 2707 κατοικούσης.
1586 2674 1633 2701 llic
1648 2673 1799 2708 siguificare

1020 2712 1127 2752 videtur
1142 2711 1297 2745 Gregorius,
1326 2711 1462 2737 Ecclesias
1486 2710 1573 2736 adltttc
1593 2717 1653 2736 esse
1671 2710 1697 2736 in
1716 2710 1800 2735 haere-

1020 2751 1132 2773 ticortnn
1150 2751 1291 2777 potestate.

1055 2780 1110 2813 (98)
1132 2780 1218 2806 Obesi.
1239 2781 1323 2811 passi,
1340 2781 1469 2806 κατοικεῖ.

1057 2815 1112 2849 (99)
1139 2815 1344 2849 Ἐγει·ιιοημει·,
1361 2816 1448 2849 l’ass.,
1461 2814 1617 2851 ἐγενόμεθα.
