1838 3046
209 120 237 147 ·i
696 119 879 148 PRAEFATtO
897 106 1102 147 officiumst
1119 136 1153 140 —
1173 121 1261 147 mas
1281 122 1312 148 ii.
1783 126 1817 154 ῃ

209 177 258 207 tiis
275 178 368 208 etiam
388 177 500 216 positis
520 188 526 207 :
548 180 668 215 quanto
686 178 785 215 magis
803 178 827 207 si
846 178 922 207 salsa
939 178 1013 212 sint,
1031 177 1173 207 ordinato
1189 178 1219 207 in
1235 178 1303 217 ejus
1318 178 1422 208 locum
1438 179 1636 218 suffectoque
1654 181 1816 220 episcopo,

208 227 254 257 vet
276 235 358 258 novo
375 231 458 257 certe
477 228 660 266 episcopatu
679 229 836 258 exstincto
851 230 865 257 ἱ)

246 278 372 308 Constat
391 279 473 308 enim
491 278 609 317 alioqui
632 288 702 309 cum
723 279 876 308 Antliimo
901 279 1053 308 Basilium
1080 288 1112 308 in
1142 281 1343 326 concordiam
1372 284 1480 318 postea
1503 281 1647 311 rediisse.
1671 282 1708 311 Et
1734 290 1816 320 qua,

205 338 325 368 qnaeso,
343 331 539 367 conditione,
558 335 666 369 pacato
683 331 826 360 Aiitliimi
850 331 945 366 belle,
963 331 1135 369 Gregorius
1154 340 1207 369 per
1221 331 1341 361 bellum
1361 332 1443 362 istud
1463 341 1499 362 ex
1521 332 1710 363 Antiocheni
1735 341 1816 362 con·

206 380 271 409 rilii
294 389 416 410 canone
446 382 482 411 18
510 381 676 419 bucusque
702 381 794 415 liber,
815 381 894 410 liber
923 390 993 410 esse
1011 381 1240 418 perseveravit,
1261 381 1357 419 idque
1382 382 1482 420 palam
1505 391 1539 412 ac
1567 393 1581 409 «
1598 383 1784 416 manifesto,
1803 394 1816 409 ι)

206 431 267 460 nisi
287 431 435 461 alterutra
454 440 491 461 ex
510 431 558 461 liis
575 431 813 461 conditionibus
832 434 956 469 accepta
972 441 979 466 3
998 430 1044 459 vel
1064 435 1096 460 ut
1114 431 1270 465 Antliimi‚
1288 432 1378 469 cujus
1397 432 1567 469 provincia}
1587 433 1705 462 Sasima
1722 433 1815 462 cede-

206 483 291 518 bant,
312 484 470 512 ordinatio
491 484 621 517 valeret,
642 483 688 512 vel
706 491 782 512 sano
802 483 890 512 loeus
908 483 1057 520 episcopo
1077 484 1221 513 careret?
1251 483 1379 520 Alioqui
1397 483 1423 512 si
1441 483 1509 522 ejus
1538 483 1596 513 loci
1619 483 1816 514 renuntiatus

207 537 273 563 erat
293 533 478 571 episcopm,
496 533 581 571 quod
598 531 792 569 objiciebant
809 532 996 565 adversarii,
1010 532 1073 569 jain
1091 541 1148 561 nec
1165 532 1297 561 occultis
1313 542 1369 562 nec
1382 533 1517 570 cognitis
1532 532 1709 562 rationibus
1724 533 1816 566 liber.

206 584 260 613 sed
279 587 353 613 tunc
370 584 516 613 Ecclesia¹
530 583 702 612 Sasimensi
723 583 890 612 manifesto
911 583 1082 620 Gregorius
1099 582 1256 619 illigatus;
1276 583 1339 611 imo
1357 586 1386 612 et
1407 594 1420 609 «
1440 583 1668 613 communione
1688 584 1815 621 privan-

205 634 265 663 dus
281 645 294 659 1>
313 642 349 663 cx
369 633 509 670 ejusdcm
528 631 722 662 Antioclicni
757 632 881 662 concilii
914 640 1034 662 canone
1054 633 1109 666 17,
1129 632 1184 660 «si
1212 632 1248 661 ad
1276 632 1446 661 Ecclesiam
1476 633 1536 662 sibi
1565 634 1764 664 commissam
1780 657 1786 670 ,
1802 646 1816 662 i»

207 684 337 712 remotis
352 684 415 721 jain
435 682 686 721 impedimentis,
705 695 716 707 (ι
736 682 782 712 ire
800 690 863 711 non
880 682 1103 720 acquievisset.
1121 693 1134 708 n
1160 682 1255 711 Liber
1275 681 1382 720 itaque
1408 691 1423 711 a
1447 682 1576 713 sasimis
1596 684 1767 721 Gregorius
1783 693 1817 714 ac

207 734 387 763 liberrimus
405 742 531 770 semper
547 732 620 767 fuit,
639 736 703 761 tum
720 735 805 767 ante,
824 735 890 761 tum
910 736 978 769 post
998 731 1108 760 saetam
1129 740 1199 760 cum
1220 732 1373 761 Antliinio
1395 741 1525 770 pacem;
1553 734 1677 764 etiamsi
1695 734 1731 763 ad
1749 743 1817 765 eain

203 784 379 813 Ecclesiam
398 784 512 813 suisset
534 782 660 818 publice
679 786 707 810 ct
725 782 877 811 canonice
894 781 1108 811 renuntiatus.
1133 782 1281 819 Superest
1296 782 1391 819 igitur
1409 786 1442 812 ut
1460 785 1551 812 tacita
1575 788 1605 813 et
1628 784 1749 814 occulta
1763 806 1770 819 ‚
1791 785 1815 814 si

203 835 265 864 ilici
283 835 384 868 liceat,
409 834 656 867 renuntiatione,
678 832 875 861 Sasimorum
898 832 1068 869 episcopus
1095 831 1267 868 Gregorius
1291 831 1385 861 fuerit
1404 842 1411 860 z
1431 841 1540 862 verum
1569 842 1607 863 ne
1634 834 1665 864 ia
1688 836 1817 874 quidem

203 884 265 915 ulla
285 885 406 914 ratione
422 883 547 912 delendi
569 885 682 920 potest.
714 882 824 920 Neque
849 881 934 911 enim
959 880 1208 912 conniventibus
1229 882 1274 910 vel
1294 883 1385 911 tacite
1407 883 1614 920 probantibus
1641 885 1818 923 episcopis,

202 936 306 968 clero,
335 933 482 971 populis,
511 941 580 970 quac
610 932 700 961 tacita
730 931 926 961 renuntiatio
955 937 1022 966 cst,
1044 940 1184 969 unquam
1205 931 1284 961 lianc
1301 931 1473 962 Ecclesiam
1492 933 1728 964 administrasse
1754 936 1818 966 ullo

203 986 298 1015 modo
315 985 375 1015 dici
396 987 520 1021 potest3
540 992 634 1021 quam
653 983 733 1013 torte
749 991 808 1013 nec
822 983 919 1012 adivit
938 992 1092 1021 unquam,
1112 992 1168 1012 nec
1185 991 1200 1012 a
1219 983 1328 1012 limine
1345 982 1508 1019 salutavit,
1524 984 1555 1012 in
1572 994 1632 1022 qua
1650 993 1708 1015 nec
1725 986 1818 1023 sedit,

207 1043 264 1065 nec
281 1039 315 1065 ut
334 1034 459 1064 sederet
479 1034 543 1062 ulla
563 1042 590 1062 vi
610 1033 678 1070 cogi
697 1033 799 1071 potuit
818 1036 847 1061 et
865 1032 990 1062 adduci.
1011 1033 1203 1062 «Certamen
1223 1033 1294 1061 iniit
1311 1037 1409 1070 pater,
1428 1044 1441 1060 »
1467 1033 1569 1072 inquit
1589 1035 1655 1072 ipse
1671 1035 1734 1076 (a),
1753 1047 1767 1063 «
1786 1040 1819 1066 ut

203 1091 233 1120 ln
255 1084 431 1115 Sasimensi
449 1084 525 1113 sede
545 1092 594 1112 me
612 1083 808 1113 collocaret:
830 1087 863 1112 ut
883 1089 988 1112 autem
1007 1091 1068 1112 non
1090 1082 1198 1118 valuit,
1218 1094 1230 1109 »
1249 1087 1307 1112 etc.
1326 1083 1422 1112 Paulo
1441 1088 1509 1121 post
1528 1094 1534 1112 :
1554 1096 1566 1110 (ι
1586 1085 1693 1114 Datam
1713 1088 1818 1115 autem

203 1146 242 1167 ne
259 1136 431 1166 minimum
460 1134 588 1172 quidem
610 1133 780 1162 Ecclesiam
803 1133 914 1169 attigi;
943 1132 981 1160 ita
1007 1137 1041 1162 ut
1060 1141 1116 1162 nec
1135 1141 1233 1161 unum
1260 1132 1303 1161 ibi
1330 1132 1520 1163 sacrificium
1544 1134 1610 1163 Deo
1628 1135 1818 1174 obtulerim,

205 1187 251 1217 vel
269 1194 378 1224 preces
400 1194 459 1214 una
481 1194 551 1213 cuni
574 1184 691 1222 populo
710 1183 861 1217 fuderim,
884 1190 941 1211 nec
957 1182 1143 1212 clericorum
1164 1182 1299 1220 cuipiam
1319 1190 1430 1211 manus
1450 1183 1668 1221 imposuerim.
1687 1195 1701 1211 »

240 1240 287 1269 Ex
307 1239 436 1268 histum
458 1237 559 1272 factm,
579 1240 644 1266 tum
662 1235 754 1265 dictis
773 1235 883 1273 liquet,
899 1235 972 1272 quis
988 1235 1019 1263 in
1034 1234 1216 1271 Gregorio«
1233 1235 1478 1264 renuntiationis
1492 1239 1521 1264 et
1537 1236 1790 1272 proclamationis
1804 1248 1818 1265 »ι

203 1299 315 1321 sensus
335 1300 342 1319 ι
360 1289 413 1319 ille
430 1289 595 1322 nimirum,
613 1287 668 1325 qui
689 1287 850 1325 hodieque
867 1286 954 1316 initae
971 1286 1205 1324 possessionis,
1225 1290 1253 1316 et
1271 1290 1308 1316 nt
1323 1290 1453 1322 vocant,
1473 1287 1618 1316 beneficii
1642 1288 1818 1326 cujuspiam

202 1354 215 1369 a
231 1342 448 1377 investitur-‘03
465 1353 477 1368 »
496 1350 553 1370 seu
569 1340 664 1369 suerit
682 1339 733 1369 illa
757 1350 769 1366 «
787 1339 889 1373 tacita,
907 1350 920 1366 »
940 1348 1010 1368 cum
1028 1339 1122 1368 alicui
1142 1339 1250 1368 sedem
1269 1339 1454 1375 invadenti,
1478 1343 1529 1369 ant
1555 1349 1662 1370 eorum
1680 1342 1717 1372 ad
1737 1350 1818 1380 quos

201 1395 386 1426 conferendi
405 1393 551 1423 beneficii
575 1401 637 1423 non
657 1392 855 1430 omninojus
872 1392 1008 1429 pertinet
1026 1391 1185 1429 precibus,
1204 1391 1252 1420 vel
1271 1391 1364 1421 etiam
1384 1391 1412 1420 vi
1432 1392 1564 1429 quadam
1581 1392 1750 1422 Ecclesiam
1767 1395 1820 1424 ad-

201 1447 393 1478 ministranti
411 1444 603 1478 connivent‚
623 1443 783 1481 silentque
803 1450 867 1471 veri
895 1442 1018 1479 patroni
1043 1450 1077 1470 ac
1096 1441 1229 1478 legitimi
1254 1441 1422 1470 collatores
1444 1441 1614 1477 beneticii;
1640 1450 1694 1471 sen
1721 1443 1818 1475 fuerit

202 1512 215 1526 «
235 1497 428 1529 renuntiatio
445 1507 457 1522 »
475 1495 512 1524 ad
527 1493 609 1532 juris
628 1493 735 1530 apices
758 1492 959 1529 formamque
976 1491 1100 1528 legibus
1127 1491 1279 1520 sancitam
1294 1512 1301 1525 ,
1327 1491 1417 1521 lectis
1443 1494 1472 1520 et
1496 1492 1647 1528 expositis
1670 1494 1818 1531 patroni,

203 1549 328 1588 regisse
349 1546 551 1584 «diplomate
570 1556 582 1571 n
604 1543 811 1575 conserentis.
830 1551 900 1577 seu,
925 1545 957 1570 ut
978 1544 1100 1574 vocant,
1124 1541 1380 1578 provisionibus,
1398 1544 1427 1570 et
1446 1552 1459 1567 «
1477 1542 1560 1571 bulla
1573 1565 1581 1577 ,
1600 1554 1613 1570 »
1631 1543 1655 1572 si
1677 1553 1738 1582 qua
1757 1545 1796 1575 sit
1809 1567 1818 1579 ,

204 1608 301 1639 papae,
318 1601 370 1627 aut
388 1607 401 1623 <a
419 1596 496 1630 visa,
512 1605 526 1621 )>
542 1598 636 1631 atque
655 1601 670 1622 a
705 1595 923 1630 promovente,
941 1589 972 1618 in
990 1590 1064 1619 sede
1080 1590 1298 1627 utplurimum
1314 1598 1350 1619 eo
1365 1590 1419 1628 qui
1434 1595 1638 1628 promovetur
1654 1594 1818 1630 collocato,

202 1650 339 1687 aliisque
355 1646 393 1675 de
414 1653 501 1674 more
520 1643 666 1681 peractis,
684 1641 802 1680 quibus
824 1640 918 1670 hodie
932 1641 1005 1679 quis
1024 1640 1069 1670 vel
1087 1641 1300 1678 episcopatus,
1319 1641 1366 1670 vel
1385 1641 1515 1671 alterius
1532 1642 1674 1673 beneficii
1693 1654 1820 1682 posses-

202 1711 255 1733 sor
273 1701 426 1732 lirmatur‚
443 1699 496 1725 aut
512 1699 609 1730 certe,
627 1695 651 1723 si
670 1693 752 1723 alius
770 1693 957 1727 intercedat,
977 1703 988 1718 r«
1008 1692 1224 1727 denuntiatur,
1240 1696 1268 1722 ct
1284 1693 1482 1730 pumicetur,
1499 1705 1512 1720 »
1530 1695 1613 1731 qnod
1629 1695 1732 1725 Graeca
1752 1699 1818 1734 ipsa

201 1755 367 1790 κηρύσσεται
384 1751 496 1778 sonant
511 1757 518 1782 ;
536 1753 716 1785 quanquam
735 1753 797 1774 non
815 1753 851 1774 eo
870 1745 899 1773 id
918 1744 949 1773 in
966 1743 1110 1778 Oriente,
1128 1752 1192 1781 quo
1213 1743 1247 1772 in
1263 1743 1310 1772 liis
1330 1743 1470 1780 partibus
1483 1765 1490 1779 ,
1511 1744 1603 1773 modo
1627 1745 1722 1775 lieret.
1740 1746 1819 1776 Sen-

203 1813 273 1834 sum
298 1803 382 1832 liunc
399 1800 554 1830 exliilient
571 1798 664 1827 verba
682 1797 841 1834 Gregorii,
861 1796 1017 1826 contraria
1033 1800 1062 1825 et
1078 1795 1223 1833 opposita
1241 1796 1278 1824 de
1296 1795 1452 1824 Nazianzo
1469 1795 1664 1833 Sasimisque
1680 1796 1820 1826 scriben-

203 1852 299 1890 tis-(11)
318 1863 324 1881 :
348 1850 479 1880 Sasimis
498 1860 510 1875 «
526 1847 739 1886 propositum,
757 1857 770 1873 n
788 1846 1003 1883 designatum,
1022 1854 1056 1874 ac
1072 1845 1098 1874 si
1117 1845 1208 1879 velis,
1222 1844 1418 1874 nominatum
1433 1846 1618 1881 antistitem,
1636 1853 1696 1875 non
1714 1851 1817 1876 autem

203 1904 374 1937 Nazianzo3
393 1904 501 1930 contra
522 1906 595 1928 vero
615 1896 765 1927 Ecclesiae
782 1896 989 1925 Nazianzenae
1009 1903 1071 1924 non
1091 1895 1288 1932 propositum
1302 1916 1309 1929 ‚
1330 1903 1392 1924 non
1410 1894 1628 1933 designatum,
1647 1903 1710 1924 non
1730 1895 1818 1924 ordi-

204 1960 312 1986 natum
331 1951 527 1992 episcopum,
544 1950 597 1979 sed
616 1948 835 1978 renuntiatum
852 1950 954 1977 tamen
968 1969 975 1982 ‚
997 1947 1092 1984 idque
1117 1957 1130 1973 «
1157 1945 1350 1985 (c)-primum
1370 1950 1398 1975 et
1417 1946 1455 1976 ab
1472 1946 1581 1981 initio,
1597 1946 1610 1973 5>
1637 1955 1818 1984 quanquam

203 2017 218 2033 a
234 2014 295 2035 nen
314 2004 453 2042 publico,
469 2014 482 2029 n
503 2001 558 2030 sed
576 2000 669 2030 tacito
684 2002 805 2029 tantum
832 2007 947 2036 genere
970 1997 1217 2027 renuntiationis
1240 2007 1246 2026 ε
1265 2006 1336 2036 quae
1364 1997 1493 2036 quidem
1510 1997 1614 2035 specie
1639 2000 1731 2026 tenus
1758 2005 1817 2035 pu-

203 2055 342 2094 gnantia,
362 2054 417 2082 liac
434 2053 554 2082 ratione
572 2050 733 2080 conciliari
752 2053 782 2079 et
800 2049 937 2086 intelligi
958 2052 1104 2086 possunt.

243 2105 390 2134 Ecclesiae
411 2103 544 2140 alicujus
568 2106 673 2138 pastor
692 2108 755 2129 non
780 2099 807 2129 is
826 2103 986 2134 censetur,
1010 2107 1067 2129 nec
1092 2099 1123 2128 in
1152 2102 1313 2136 pastorum
1335 2106 1502 2128 numerum
1528 2097 1675 2133 refertur,
1703 2097 1756 2135 qui
1780 2097 1818 2126 ad

204 2163 270 2184 vam
289 2154 420 2188 electus,
441 2155 617 2190 promotus,
637 2150 683 2179 vel
702 2150 795 2179 etiam
814 2149 991 2182 ordinatus,
1009 2147 1079 2186 jure
1099 2149 1223 2176 tandem
1241 2148 1343 2182 cadit;
1370 2148 1425 2176 Seii
1452 2147 1504 2185 qni
1532 2147 1609 2175 vieta
1636 2155 1727 2175 causa
1747 2154 1818 2184 pos-

203 2204 379 2234 sessionem
397 2203 459 2232 adit
477 2205 571 2238 atquc
588 2199 722 2229 obtinet.
740 2199 807 2233 Qua
825 2197 923 2235 igitur
939 2198 1063 2227 ratione
1079 2197 1269 2226 Sasiniensis
1285 2197 1428 2226 Ecclesia}
1443 2197 1612 2234 episcopus
1629 2197 1689 2225 dici
1710 2199 1817 2233 posset

203 2255 387 2294 Gregorius,
404 2253 456 2291 qui
474 2252 594 2281 Sasima
613 2258 674 2279 non
693 2250 797 2286 attigit
815 2249 958 2288 quidem,
980 2258 1036 2279 nec
1054 2249 1119 2278 illic
1136 2249 1324 2286 episcopalis
1348 2249 1488 2279 muneris
1509 2250 1590 2279 vices
1618 2249 1695 2278 ullas
1713 2248 1791 2278 obiit
1804 2249 1818 2276 ‘2

203 2307 233 2335 si
251 2306 368 2335 Sasima
394 2293 475 2331 d'ixit
498 2314 510 2328 «
526 2309 600 2336 sna,
618 2312 630 2326 »
663 2299 692 2328 id
722 2308 783 2327 non
812 2299 872 2327 nisi
898 2299 1016 2328 ironice
1041 2309 1048 2327 :
1078 2299 1238 2335 egregium
1262 2298 1337 2327 illud
1357 2298 1522 2328 Basilianae
1539 2297 1683 2327 amicitiae
1702 2305 1817 2325 munus

206 2356 281 2385 iidet
298 2358 327 2384 et
344 2352 523 2391 exprobrat.
539 2349 592 2379 Vel
611 2349 704 2379 ctiam
718 2359 732 2375 «
747 2357 802 2377 sua
819 2359 832 2374 »
850 2347 955 2378 dicere
975 2348 1087 2386 potuit,
1103 2348 1176 2386 quia
1193 2348 1253 2377 sibi
1271 2348 1431 2384 attributa,
1450 2348 1512 2377 sibi
1529 2347 1643 2383 oblata,
1659 2347 1719 2376 sibi
1734 2347 1815 2379 data,

204 2407 257 2436 sed
274 2415 289 2435 a
310 2404 408 2434 dubio
427 2409 626 2441 possessore.

244 2458 430 2493 Priusquam
446 2453 565 2482 Sasima
581 2450 790 2484 dimittamus,
811 2451 958 2487 exemplo
978 2458 1042 2480 rem
1063 2449 1311 2479 illustrabimus,
1328 2448 1532 2483 Beneficium,
1550 2452 1583 2477 nt
1599 2451 1709 2477 vocant
1727 2447 1816 2483 illud,

205 2508 256 2536 ‹eui
276 2507 453 2537 animarum
472 2512 544 2533 cura
564 2501 730 2535 incumbit,
751 2500 845 2537 vulgo
862 2504 1018 2535 curatum,
1044 2501 1098 2530 uni
1118 2500 1233 2530 clerico
1260 2505 1428 2538 patronus3
1454 2499 1530 2528 alter
1553 2507 1609 2536 pro
1636 2501 1766 2536 patrono
1783 2506 1816 2527 se

205 2566 319 2595 gerens
333 2556 420 2586 alteri
437 2556 605 2592 praesentet
621 2552 824 2589 ‹zoni‘cratque
839 2562 847 2587 ;
865 2556 917 2581 aut
934 2558 1018 2581 certe
1036 2552 1066 2580 in
1083 2551 1168 2581 curia
1186 2553 1324 2580 Romana
1342 2550 1446 2588 quivis
1465 2550 1545 2579 clius
1570 2550 1722 2580 obtineat.
1741 2551 1816 2579 Pos-

205 2608 348 2637 sessione
363 2607 434 2645 jura
450 2614 505 2634 sua
527 2604 628 2632 firmet
643 2602 741 2635 altem
764 2602 840 2632 alter
853 2606 906 2632 aut
920 2606 1073 2637 arceatur,
1091 2606 1143 2631 aut
1159 2602 1288 2639 segnius
1304 2605 1384 2639 agat.
1399 2602 1479 2631 Dum
1494 2601 1619 2630 interim
1635 2601 1693 2630 sub
1707 2601 1816 2639 Jndice

207 2659 243 2687 lis
259 2662 319 2694 est,
340 2658 420 2686 intra
436 2662 568 2688 annum,
587 2656 619 2682 ut
637 2652 680 2687 lit,
698 2652 874 2681 sacerdotio
892 2656 1026 2690 uterque
1046 2651 1187 2681 initietur
1208 2660 1241 2680 ea
1262 2656 1365 2681 mente
1386 2655 1415 2681 et
1432 2651 1577 2687 consilio,
1591 2654 1622 2680 nt
1641 2650 1742 2680 officio
1757 2658 1815 2679 suo

206 2708 294 2746 fungi
313 2708 422 2736 valeat.
442 2705 487 2734 Ad
505 2703 675 2734 Ecclesiam
708 2701 848 2731 eamdem
876 2701 1014 2731 ordinati
1041 2701 1132 2732 ambo
1154 2700 1200 2730 vel
1226 2700 1346 2731 interea
1373 2701 1580 2739 paciscantur,
1608 2701 1655 2731 vel
1683 2703 1814 2730 senatus

241 2788 278 2856 (νζ
297 2789 386 2849 1(lamp.
405 2787 506 2854 [servitii
527 2794 591 2818 sita,
608 2792 631 2811 ν.
650 2784 710 2815 497,
733 2783 834 2817 etssseq.
1075 2783 1109 2817 (r)
1129 2782 1212 2817 Epist.
1228 2783 1262 2810 ai.
1277 2783 1339 2810 2⁵25.

242 2833 266 2849 tr
305 2832 357 2856 zptb
374 2842 379 2849 .
397 2832 408 2848 d
425 2841 431 2848 .
452 2829 487 2847 ι’...
