1838 3046
64 122 108 148 ui
552 122 735 150 t‘it.EF.t'rio
756 123 958 150 oiim-:irtus
993 138 1012 142 -
1034 123 1121 149 mus
1139 123 1180 150 lll.
1631 121 1678 147 {22

102 181 247 211 Julianus
265 189 327 211 reni
346 182 463 212 nullam
481 182 667 212 Cliristianm
700 184 858 220 religioni,
875 192 945 222 quui
975 183 1032 219 ipsi
1065 187 1131 212 erat
1160 182 1369 216 invisis-sima,
1393 185 1453 210 tant
1471 180 1675 210 lionoriticam

63 242 144 268 esse,
162 243 254 273 quam
271 233 441 270 hospitales
460 232 571 262 domos
590 235 621 261 et
640 240 814 269 pauperum
835 241 939 262 curam
957 233 1226 264 animadvertens.
1260 240 1316 260 nei:
1355 232 1417 260 nlla
1451 240 1483 260 ru
1518 235 1578 259 tam
1607 240 1677 259 cre-

64 285 158 319 visse,
175 285 282 314 statuit
301 283 482 322 hujusmodi
499 283 613 312 doinus
631 288 829 317 construere,
849 284 994 321 datisque
1013 283 1126 313 litteris
1143 284 1178 311 a=l
1197 283 1366 320 quenulam
1395 282 1546 317 gentilem
1576 289 1680 309 sau-er-

62 333 180 369 dotem,
211 333 374 363 Arsacium
406 332 546 366 nomine,
570 333 668 370 jussit
698 334 806 362 crebra
834 335 864 363 in
895 333 1030 371 singuiis
1061 332 1244 362 civitatibus
1278 330 1473 361 xenodochia
1505 330 1674 359 constitui.

62 384 245 421 Apostatani
262 383 372 413 audire
386 383 486 421 juvat.
504 382 577 422 a-(u)
599 383 726 421 Religio
745 384 912 420 gentilium
944 384 1083 413 nondum
1102 391 1138 412 ex
1159 382 1255 411 animi
1287 381 1385 410 nostri
1406 381 1563 409 sententia
1581 381 1676 417 viget,

61 434 152 469 cu'l'u
171 441 278 462 00s¹¹¹¹¹
296 433 349 471 qui
366 433 449 462 illam
464 434 660 471 protitontur.
680 433 755 462 Nam
777 442 810 462 ca
828 434 958 471 ‹piitleni
978 443 1048 472 quw
1065 434 1100 462 inl
1127 434 1205 463 deos
1236 434 1406 474 pertinent,
1441 430 1585 467 pra—clara
1604 433 1677 458 sunt

62 486 157 520 atque
175 483 350 520 magnilica,
368 484 521 521 omnique
538 488 611 513 voto
628 492 662 514 ac
676 492 731 522 spe
752 483 919 521 majora....
937 484 1019 518 Quid
1037 486 1136 520 ergo?
1150 488 1340 522 putamusne
1359 491 1416 511 nos
1432 483 1489 511 ista
1509 482 1678 510 sustinere?

62 531 123 561 Nec
139 533 331 563 attendimus
348 535 424 573 quid
445 535 698 565 Christianorum
719 534 903 570 religionem
921 534 1059 568 auxerit,
1092 533 1271 563 humanitas
1289 533 1411 563 scilicet
1428 532 1458 561 in
1478 531 1677 569 peregrinus,

62 585 92 611 et
111 581 140 610 in
157 582 350 618 sepeliendis
364 585 496 614 mortuis
513 585 647 615 sollicita
665 585 844 622 diligentia,
867 589 896 614 et
915 584 1061 613 simulata
1080 591 1202 613 morunt
1220 584 1366 621 gravitas,
1385 584 1530 618 Quorum
1548 583 1675 621 singula

60 639 76 660 a
94 630 186 660 nobis
205 634 378 662 exercenda
398 643 468 664 esse
483 635 642 664 existimo.
670 635 736 664 Nec
765 634 880 663 suilieit
908 634 991 672 ‹pnnl
1021 639 1050 663 tn
1085 635 1266 673 hujusmodi
1295 634 1350 668 sis,
1371 634 1425 663 setl
1454 637 1615 671 quotquot
1643 634 1673 662 in

60 679 178 709 Galatia
193 684 267 710 sunt
285 682 425 713 llaiiiiues
446 684 522 714 tales
547 693 616 714 esse
636 684 764 713 decet...
783 683 933 719 Singulos
963 684 1106 713 flamines
1126 684 1262 717 liortare,
1293 688 1325 713 ut
1359 692 1415 714 nei:
1441 684 1477 713 mi
1512 682 1672 713 tlieatrum

60 734 219 768 accedant,
237 734 342 764 necin
373 735 510 764 tabernis
537 735 658 768 bibant.
686 743 744 764 nec
764 738 861 763 arteni
887 734 996 768 ullam,
1029 739 1081 764 aut
1113 735 1274 772 opiliciuni
1296 738 1386 772 turpe
1419 742 1455 763 ae
1477 734 1668 771 probrosum

60 788 278 814 exerceant....
296 785 410 814 Crebra
427 784 457 814 in
475 785 608 822 singulis
620 784 800 815 civitatibus
815 784 1006 814 xenodochia
1020 783 1190 820 constitue,
1207 788 1239 813 ut
1256 784 1410 821 peregrini
1429 794 1490 814 non
1509 794 1546 814 cx
1561 789 1676 814 nostris

60 834 176 871 solunt,
195 837 249 866 sed
268 845 305 866 ex
324 835 392 865 aliis
411 835 516 871 etiam,
536 835 561 864 si
583 834 714 872 pecunia
735 833 814 863 sorte
830 841 910 872 opus
925 833 1104 867 habuerint,
1120 834 1316 864 humanitate
1333 839 1437 863 nostra
1457 834 1674 873 perfruantur.

60 883 155 914 Porro
169 885 250 915 nntle
266 890 410 923 sumptus
422 885 665 923 tibisuppetant‚
681 894 696 914 a
708 884 830 923 mejam
849 884 1230 923 provisumest....·,'l'urpe
1241 883 1370 913 eniinex
1383 884 1499 914 Juilaeis
1516 885 1674 914 neminem

61 936 250 970 mendicare.
271 938 383 974 impios
401 946 474 967 vero
490 937 646 972 Galiloeos‚
667 940 777 975 praeter
790 945 866 966 suos
881 934 1153 974 pauperes‚etiam
1173 938 1295 964 nostros
1312 933 1549 964 aleretnostros
1568 939 1673 964 autem

60 985 223 1016 mendicos
239 990 345 1017 nostra
361 996 420 1026 ope
437 996 471 1017 ac
487 987 632 1017 subsidio
647 987 817 1017 destitutos
834 986 945 1016 videri.
968 997 981 1013 ι»

679 1037 771 1067 circa
786 1045 904 1065 mortun
920 1035 1055 1073 rrqutas.

97 1084 303 1115 Bibliothecae
319 1085 607 1116 ecclesiasticorum
624 1087 815 1125 scriptorum
834 1091 944 1117 auctor
974 1087 1094 1123 scribit,
1113 1086 1302 1124 Gregoriuni
1323 1095 1445 1116 morum
1473 1087 1674 1125 disciplinam

57 1135 170 1166 (locere
190 1137 322 1174 ratione,
341 1147 412 1177 qum
426 1139 617 1178 philosopho
645 1140 746 1178 magis
764 1148 858 1178 quam
890 1138 1006 1178 populo
1022 1137 1188 1167 conveniat
1206 1148 1214 1167 2
1229 1137 1314 1175 quod
1342 1137 1486 1175 quidem,
1519 1136 1545 1166 si
1564 1146 1674 1167 verum

56 1184 150 1222 soret,
170 1194 232 1216 non
249 1188 331 1217 laudi
350 1189 404 1218 sed
424 1189 499 1219 vitio
512 1189 699 1220 vertendum
715 1196 799 1222 esset
817 1189 1059 1230 episcopo,qui,
1072 1195 1142 1217 cum
1161 1191 1258 1217 artem
1273 1186 1385 1217 callere
1401 1187 1512 1216 debent
1539 1187 1674 1217 dOCvssdi

56 1244 179 1271 onmes.
196 1237 240 1267 sic
259 1239 434 1269 orationem
467 1248 556 1270 suam
587 1241 718 1270 auribus
752 1242 932 1272 auditorum
955 1238 1172 1269 accommodet
1190 1248 1197 1271 ;
1217 1245 1346 1266 necesse
1364 1239 1422 1271 est,
1440 1240 1473 1266 ut
1492 1240 1551 1265 tam
1580 1237 1674 1266 rudes

56 1293 149 1322 quam
168 1287 275 1316 doctos
289 1288 471 1319 coelestibus
492 1290 611 1319 imbuat
631 1290 824 1329 disciplinis.
839 1289 995 1327 Quisquis
1016 1293 1118 1318 tamen
1148 1286 1260 1325 legerit
1278 1286 1421 1324 Gregorii
1447 1294 1625 1322 sermones,
1646 1286 1673 1316 si

57 1334 225 1371 diligenter
241 1338 379 1368 attendat
396 1340 557 1377 quomodo
577 1339 660 1370 varia
679 1340 760 1370 circa
778 1348 881 1369 mores
897 1339 1051 1369 doctrinm
1078 1338 1178 1375 capita
1198 1341 1350 1375 proponat
1366 1341 1396 1366 et
1409 1336 1552 1372 explicet
1566 1345 1672 1366 coram

56 1382 213 1422 frequenti
233 1388 361 1424 populo,
378 1388 468 1418 facile
484 1393 593 1419 noscet
623 1390 824 1427 Gregorium.
853 1390 975 1420 fidelem
997 1389 1026 1417 in
1054 1388 1148 1418 domo
1169 1387 1224 1417 Dei
1241 1387 1509 1425 dispensatorem,
1544 1390 1675 1427 provida

59 1442 152 1464 manu
174 1434 326 1467 frumenta
345 1438 580 1476 patrisfamilias
609 1440 747 1478 singulis
776 1441 817 1470 ita
836 1449 996 1479 erogasse,
1025 1444 1058 1469 ut
1090 1439 1212 1474 nullus,
1236 1446 1274 1468 ne
1299 1439 1513 1476 pauperculus
1531 1439 1675 1478 quidem,

57 1484 136 1515 same
155 1486 326 1523 laboraret;
345 1491 375 1517 et
390 1488 555 1526 sapientiae
574 1488 678 1519 fontes
699 1493 780 1519 tanta
803 1498 961 1520 reserasse
991 1489 1169 1527 prudentia,
1190 1492 1222 1517 ut
1248 1496 1372 1522 ornnes,
1389 1488 1457 1519 sive
1479 1489 1579 1527 parvi,
1607 1490 1676 1519 sive

57 1535 173 1572 magni,
190 1535 273 1565 sitim
291 1541 420 1575 possent
438 1539 650 1576 restinguere.
667 1539 875 1576 Paneisjuvat
891 1539 1045 1576 exemplis
1071 1546 1134 1568 rem
1152 1538 1384 1567 demonstrare.

95 1585 124 1614 1⁰
138 1584 167 1614 Si
182 1594 304 1624 quaeras
320 1596 336 1617 a
352 1588 516 1626 Gregorio,
546 1588 706 1626 quomodo
740 1589 812 1627 quis
838 1597 1033 1623 sermonem,
1054 1587 1099 1617 vcl
1122 1595 1187 1617 rem
1205 1587 1342 1625 aliquam
1358 1587 1516 1625 auspicari
1535 1587 1674 1618 debeat?

57 1647 71 1663 x
88 1635 235 1674 Optimus
266 1637 316 1668 liic
335 1638 411 1668 ordo
442 1641 501 1673 est,
531 1637 636 1676 inquit
661 1637 715 1675 (b),
743 1641 775 1667 ut
795 1638 849 1676 qui
868 1637 915 1667 vel
933 1645 1129 1673 sermonem,
1149 1636 1198 1666 vel
1228 1645 1294 1665 rem
1311 1636 1451 1674 aliquam
1469 1638 1668 1675 auspicatur,

57 1694 74 1716 a
103 1686 168 1717 Deo
199 1687 326 1718 initium
357 1689 460 1724 ducat,
489 1690 520 1718 et
546 1687 578 1716 in
605 1688 671 1718 Deo
697 1687 914 1726 conquiescat.
946 1699 960 1714 »
992 1687 1064 1717 11ωο
1104 1687 1251 1717 omnium
1294 1686 1458 1716 actionum
1477 1687 1674 1716 'nostrarum

57 1743 176 1767 norma.

95 1787 124 1815 2⁰
139 1787 221 1822 Quid
238 1788 303 1818 Deo
322 1789 518 1819 offerendum
532 1790 546 1818 ⁸?
563 1800 576 1816 ι(
598 1788 636 1827 (c)
654 1787 884 1826 Unusquisque
904 1787 980 1822 Deo,
999 1787 1084 1825 quod
1103 1790 1230 1823 poterit,
1251 1786 1374 1820 offerat,
1388 1785 1502 1823 quovis
1520 1788 1674 1824 tempure.

57 1838 174 1874 quovis
192 1846 307 1875 genere
324 1839 394 1868 vitae
410 1842 437 1869 et
455 1838 602 1875 fortunae,
622 1847 677 1877 pro
697 1838 862 1876 proesentis
881 1837 1041 1867 facultatis
1068 1836 1210 1872 modulo,
1242 1844 1297 1874 pro
1317 1836 1415 1873 gratia
1431 1835 1492 1864 sibi
1511 1844 1672 1871 concessa,

57 1890 89 1917 ut
105 1896 159 1925 per
175 1895 286 1918 omnes
303 1888 427 1918 virtutis
443 1889 564 1924 modos,
581 1895 694 1918 omnes
711 1887 849 1917 coelestis
866 1887 954 1925 regni
971 1886 1154 1917 mansiones
1168 1886 1370 1923 impleamus.
1390 1897 1404 1911 »

93 1938 122 1967 3„
138 1938 213 1967 Tam
231 1938 399 1976 benig-gnus,
420 1942 480 1968 tam
496 1938 636 1968 clemens
653 1942 699 1967 est
715 1937 812 1973 Deus,
833 1941 867 1967 ut
893 1937 942 1967 vel
966 1937 1098 1966 minima
1120 1936 1234 1966 lubens
1249 1935 1393 1973 accipiat,
1425 1935 1451 1964 si
1478 1934 1675 1964 voluntatem

56 1988 211 2025 cupiditas
231 1997 293 2019 non
313 1990 510 2028 comprimat,
527 1993 556 2020 et
573 1989 731 2027 angustiis
752 1987 887 2027 pectoris
905 1995 1036 2017 munera
1053 1994 1115 2016 non
1134 1990 1352 2016 coarctentur:
1370 1997 1383 2012 «
1399 1983 1442 2023 (d)
1464 1984 1545 2013 Niliil
1563 1993 1672 2014 eorum

56 2045 126 2074 ‹luae
144 2038 208 2068 Deo
224 2039 413 2074 offeruntur,
430 2043 490 2069 tam
509 2048 640 2077 parvum
654 2043 712 2074 est,
730 2038 876 2076 quamvis
895 2037 987 2067 etiam
1008 2036 1133 2066 minimi
1162 2036 1314 2065 momenti
1335 2034 1388 2069 sit,
1410 2035 1557 2073 quamvis
1584 2035 1675 2073 longe

57 2086 136 2115 infra
150 2086 236 2115 illius
252 2087 448 2125 dignitatem,
462 2089 547 2126 quod
564 2095 628 2117 non
643 2086 775 2117 omnino
793 2087 938 2124 accipiat,
957 2090 1148 2125 gratumque
1176 2086 1343 2116 habeat....
1362 2084 1444 2114 Illud
1462 2084 1593 2122 quidem
1612 2084 1672 2113 iui-

58 2137 142 2166 nime
158 2137 289 2167 dubium
308 2143 368 2175 est,
383 2137 474 2176 quin.
492 2137 615 2168 etiamsi
635 2137 742 2168 omnia
763 2136 1005 2169 contulerimus,
1034 2136 1142 2165 minus
1157 2139 1261 2165 tamen
1285 2134 1429 2165 collaturi
1448 2135 1561 2168 simus,
1579 2143 1672 2172 quain

55 2186 246 2224 accepimus.
262 2186 525 2226 Quandoquidem
556 2186 656 2217 divini
679 2186 822 2217 beneficii
851 2189 910 2220 est,
939 2185 1026 2224 qued
1054 2194 1178 2221 sumus,
1206 2185 1292 2223 quod
1320 2185 1421 2214 Deum
1439 2183 1674 2221 cognoscimus,

56 2236 205 2274 quodque
222 2236 328 2272 etiam,
341 2237 424 2276 quod
440 2237 624 2273 offeramus,
642 2237 808 2267 babemus.
838 2236 942 2274 Atque
973 2236 1050 2266 illud
1069 2237 1321 2274 pulcherrimum
1337 2234 1674 2272 liumanissimumque

57 2287 249 2316 censendum
269 2291 328 2322 est,
345 2287 430 2326 quod
444 2289 529 2318 Deus
547 2287 762 2326 largitionem,
782 2294 846 2316 non
862 2286 974 2316 oblatas
997 2286 1041 2316 rei
1072 2287 1175 2324 pretio
1193 2290 1222 2316 et
1239 2285 1404 2324 dignitate,
1422 2284 1477 2314 sed
1507 2283 1672 2313 offerentis

57 2336 168 2366 affectu
189 2341 218 2367 et
231 2337 377 2367 facultate
393 2338 530 2368 metitur.
550 2350 564 2365 n
856 2370 861 2378 .

95 2385 124 2414 [ν’
142 2386 224 2421 Quid
252 2388 390 2417 maxime
408 2389 544 2426 postulet
560 2398 575 2417 a
597 2388 700 2424 nobis,
717 2392 817 2420 totum
846 2389 932 2427 gravi
958 2387 1113 2418 sententia
1144 2391 1175 2417 et
1200 2390 1378 2417 memoratu
1396 2385 1491 2424 digna
1520 2385 1669 2414 inculcat.

59 2446 72 2462 α
89 2435 124 2473 (e)
140 2436 224 2465 Dixit
239 2438 334 2466 abbas
351 2437 525 2474 Gregorius
553 2437 742 2475 Theologus
759 2447 767 2466 .·
785 2436 854 2466 Tria
874 2435 937 2466 baec
954 2437 1053 2475 exigit
1077 2438 1162 2466 Deus
1179 2437 1217 2467 ab
1236 2437 1323 2467 omni
1345 2436 1476 2466 bomine
1499 2435 1672 2473 baptizato,

59 2484 148 2514 tidem
166 2489 281 2515 rectam
295 2494 331 2515 ex
347 2487 466 2523 animo,
488 2487 649 2516 veritatem
666 2486 696 2516 in
714 2486 820 2524 lingua
838 2491 867 2516 et
885 2486 1124 2524 temperantiam
1142 2487 1181 2516 de
1197 2494 1340 2524 corpore.
1358 2498 1372 2514 n

95 2537 124 2566 ὅ·
139 2536 261 2572 Quibus
282 2546 321 2568 ex
339 2537 454 2572 causis,
483 2545 546 2574 quo
566 2537 627 2566 tine
646 2537 791 2574 pra-clara
808 2536 945 2565 facinora
962 2537 1111 2574 quisquis
1137 2537 1340 2574 aggrediatur
1357 2537 1477 2575 optime
1495 2535 1673 2570 constituit,

59 2592 182 2615 omnem
192 2587 310 2616 aditum
321 2585 793 2626 vanfflgloriaeobstrueiido.«(s)
805 2586 834 2616 Si
849 2586 955 2624 gloria>
967 2587 1152 2624 cupiditate,
1162 2596 1195 2617 ac
1207 2596 1269 2617 non
1284 2584 1539 2624 vernausstudio
1549 2588 1578 2613 et
1589 2593 1676 2613 amo-

60 2643 90 2664 re
101 2636 397 2673 nospericulaadire
410 2637 799 2675 existimabatssulianus),
814 2640 877 2666 baec
888 2637 1137 2675 saneapudillos
1149 2638 1257 2667 ludant
1270 2638 1488 2675 Empedocles.
1501 2640 1528 2666 et
1539 2637 1674 2671 Aristtei,

92 2728 128 2796 ἱὶι)
147 2727 252 2755 sozom.
266 2730 283 2756 1.
300 2731 324 2763 5,
342 2740 366 2759 c.
383 2732 421 2765 16,
441 2741 465 2767 p.
479 2732 538 2760 619.
925 2733 958 2767 (e)
971 2731 1080 2772 'Apoplh
1096 2732 1153 2758 Pu.
1169 2732 1237 2767 apud
1253 2731 1349 2763 ceter,
1375 2740 1400 2765 p.
1430 2731 1491 2762 5¹0,
1519 2735 1538 2757 t.
1562 2730 1581 2756 ll
1600 2729 1673 2756 ,uem

112 2769 128 2795 i)
146 2765 190 2790 Or.
203 2764 228 2793 Ξ,
249 2773 274 2790 n.
296 2767 318 2791 l.
890 2768 935 2794 Ec.
955 2769 1037 2792 (aare.

93 2797 185 2829 (0012
208 2799 245 2831 19,
265 2808 291 2825 n.
308 2801 330 2826 7.
924 2802 990 2837 (Ji)
1010 2823 1014 2827 .
1035 2802 1053 2830 l,
1073 2811 1096 2826 ιιΔ
1114 2801 1155 2827 ΓΟ.

93 2834 129 2865 id)
145 2833 220 2866 ima„
236 2843 262 2860 ι..
282 2835 305 2861 8.
