1838 3046
28 152 62 178 93
520 144 705 172 PttAEt-‘ATto
723 143 971 171 GENEttALts—
994 144 1082 170 t‘AttS
1103 144 1145 170 ΙΙΙ.
1622 145 1652 170 91

68 209 157 238 Plura
177 210 280 236 tamen
300 207 369 236 sivo
386 205 528 235 Clericus
545 204 581 234 ad
601 204 768 233 Sociniana
786 207 978 238 commenta.
996 203 1034 232 de
1054 203 1156 232 tribus
1174 201 1296 230 naturis
1314 202 1343 230 iu
1363 203 1427 231 Deo
1441 203 1653 240 perantiquus·

28 259 226 290 orthodoxos
243 258 444 296 excogitatis.
464 257 612 288 fovenda.
631 265 725 294 prave
743 256 878 284 detorsit
895 267 902 289 ;
921 255 988 284 sive
1013 255 1219 283 llarlieirnt·us
1238 255 1379 292 qun-datu
1396 255 1523 282 muralis
1540 254 1653 283 dot-tri-

27 317 76 341 noe
98 309 198 348 capita
218 309 333 339 acriter
348 312 377 338 et
395 308 517 337 insulse
535 305 754 345 reprehendit.
774 306 854 341 Quid
874 306 989 335 mirum
1009 305 1039 334 in
1058 304 1245 334 bominibus
1262 305 1315 343 qui
1330 327 1337 338 ‚
1354 305 1552 333 auctoritatis
1576 304 1654 342 jugo

26 362 113 394 omni
128 370 278 396 excusso,
297 361 376 391 nibil
397 369 459 390 non
482 360 603 397 experti
625 362 712 392 sunt.
731 359 807 386 nibil
828 366 951 387 sacrum
971 358 1000 386 in
1022 358 1082 387 lide
1101 357 1326 395 reliquerunt?
1344 358 1388 384 ’Λι
1407 357 1486 384 intr—r
1502 357 1653 392 ipsosmet

27 411 206 442 Catholicos
231 411 377 441 Petavius
396 433 403 446 ‚
431 410 476 439 vir
499 409 682 439 eruditione
709 410 874 444 prwstans,
902 406 1092 444 Gregorium
1115 410 1148 435 ut
1180 406 1260 436 male
1289 406 1326 434 ‹lo
1354 406 1541 434 adversariis
1573 414 1652 443 quos

27 462 168 494 confutat
190 461 387 498 triumphum
409 463 553 498 agentem
585 457 743 487 traducit:
762 457 815 486 sed
846 458 913 495 ipso
940 457 970 486 in
996 456 1197 486 venerandus
1221 456 1326 485 Patres
1352 456 1482 484 nimium
1509 455 1650 492 iniquas,

26 517 56 544 et
72 521 87 542 a
101 512 191 541 Butto
207 511 383 549 Anglicano
401 510 556 547 scriptore
576 509 657 537 bene
674 507 859 544 castigatus,
879 516 1024 537 censura}
1043 507 1215 537 acerbitate
1233 505 1326 534 tantis
1346 505 1420 533 viris
1443 512 1503 533 non
1523 505 1649 539 nocuit;

26 562 91 593 itno
112 562 218 600 potius
245 561 379 600 propi-ire
403 561 523 599 glorite.
546 560 610 598 jam
632 559 705 588 inde
725 558 989 587 simulationibus
1007 558 1128 597 quibus
1156 565 1232 587 usus
1261 560 1307 585 cst
1335 556 1364 585 in
1389 564 1481 585 causa
1510 554 1650 592 pergi-avi

25 613 236 648 obnubilatio,
255 614 357 643 labem
376 616 527 642 oeternam
549 611 677 641 inussit.
706 610 780 639 llwc
797 610 902 639 omnia
928 618 1089 649 exponere
1114 613 1144 639 et
1165 608 1326 646 exagitare
1351 608 1375 636 si
1402 607 1526 636 animus
1555 611 1649 642 esset,

25 663 104 693 ultra
129 663 224 702 liujus
254 664 428 693 voluminis
455 664 534 693 lines
568 663 812 700 protenderetur
839 662 939 691 oratio
958 673 965 691 ε
984 662 1014 691 iu
1041 670 1180 700 sequens
1212 660 1308 698 igitur
1333 660 1470 696 diligens
1495 662 1523 686 (ἰ
1543 662 1650 688 exacta

25 715 228 751 querelarum
244 715 388 744 omnium
410 714 639 749 consideratio,
657 721 727 751 qum
746 713 776 742 in
795 712 972 742 doctrinam
991 711 1186 742 saut-tissimi
1214 710 1355 740 doctoris
1381 712 1539 746 congesta&
1556 712 1650 743 sunt,

27 767 233 796 extrahenda.
267 766 432 805 Quidquid
462 770 536 796 tunc
562 764 737 795 occurrerit
762 765 847 802 quod
877 765 1039 794 offendere
1065 764 1221 798 intirmos.
1241 762 1288 791 vet
1315 762 1346 792 in
1375 761 1516 791 deterius
1545 762 1651 797 posset

25 817 139 855 accipi,
157 818 408 853 elucidabimus,
429 821 458 847 et
475 816 644 855 scrupulos
664 817 688 845 si
708 816 763 855 qui
783 816 849 845 sint
872 817 1017 845 studiose
1042 815 1231 846 evellemus,
1250 813 1331 843 Satis
1349 820 1433 841 nunc
1450 810 1507 840 erit
1525 809 1550 838 si
1569 817 1648 847 prm-

23 868 115 905 cipua
133 869 288 899 doctrinm
309 869 455 908 Gregorii
483 869 584 907 capita
613 869 644 898 in
666 876 764 897 unum
791 867 922 898 collecta
949 867 1057 897 lectori
1087 867 1316 901 exliibeamus;
1347 867 1381 894 ut
1406 863 1451 892 vel
1480 861 1524 892 sic
1549 864 1650 899 pateat

22 926 116 955 quam
147 924 292 949 accurate
323 923 352 950 et
388 919 448 950 alte
479 919 517 949 de
549 918 668 949 divinis
701 918 849 953 disserat,
891 927 925 948 ac
948 923 1031 948 recte
1060 918 1246 955 'l'lieologus
1271 914 1446 953 nuncupari
1474 911 1648 943 meruerit:

24 968 99 998 binc
139 970 303 1007 apparebit
333 973 451 1009 quanta
479 969 580 1009 ipsius
615 968 730 1006 injuria
746 990 754 1005 ,
785 972 970 1007 quantaque
1010 968 1152 998 veritatis
1184 967 1305 998 offensa
1321 987 1329 1001 ,
1365 963 1480 994 erroris
1511 961 1650 1001 potuerit

22 1016 214 1049 insimulari.

757 1071 800 1100 De
837 1069 909 1100 Deo.

61 1121 132 1157 Quo
152 1125 293 1159 tempore
310 1122 447 1152 docendi
465 1131 582 1152 manus
605 1122 760 1160 Gregorio
779 1122 966 1160 impositum
982 1125 1028 1151 est
1047 1121 1102 1160 (a).
1121 1123 1202 1150 tanta
1227 1118 1266 1149 de
1282 1117 1399 1148 «livinis
1419 1115 1514 1146 rebus
1533 1114 1647 1152 dispu-

21 1170 106 1200 tandi
128 1171 257 1208 prurigo
274 1171 398 1200 animos
415 1172 604 1204 incesserat,
623 1176 654 1201 ut
677 1172 783 1201 omnia
799 1172 878 1206 loca,
898 1181 936 1201 ne
958 1171 1116 1209 gyna‘ceis
1141 1170 1271 1209 quidem
1291 1167 1445 1204 exceptis,
1466 1163 1648 1205 hujusmodi

21 1219 284 1251 contentionibus
302 1229 336 1249 ac
364 1221 502 1250 tumultu
525 1225 745 1258 personarent.
766 1220 823 1250 Cui
850 1220 936 1251 malo
959 1220 1114 1250 nzediram
1144 1223 1176 1249 ut
1204 1227 1332 1248 manum
1351 1216 1526 1250 adhiberet,
1555 1215 1648 1245 «Non

21 1272 161 1311 cujusvis
179 1275 238 1307 est,
257 1272 361 1311 iuquit
380 1272 433 1311 (b),
452 1281 469 1302 o
487 1273 560 1308 viri,
582 1274 619 1303 de
638 1273 704 1302 Deo
720 1273 892 1309 disserere,
911 1281 988 1307 non,
1008 1272 1153 1311 iuquam,
1171 1269 1336 1309 cujusvis;
1354 1277 1417 1298 non
1435 1267 1513 1297 adeo
1529 1266 1599 1296 vilis
1615 1275 1650 1296 ac

21 1323 152 1362 protrita
186 1323 250 1353 lucc
279 1332 328 1353 res
353 1327 412 1359 est,
439 1327 468 1353 et
493 1332 603 1353 eorum
631 1324 684 1362 qui
714 1325 816 1354 adbuc
843 1324 931 1354 bunii
957 1326 1139 1362 reptant...
1166 1324 1223 1352 llis
1246 1322 1397 1352 duntaxat
1423 1320 1481 1350 hoc
1506 1317 1648 1349 muneris

19 1375 190 1412 incumbit,
207 1375 262 1413 qui
280 1375 484 1405 exactissime
502 1375 658 1413 explorati
677 1379 764 1411 sunt,
783 1384 817 1406 ac
831 1375 1078 1413 contemplando
1097 1376 1190 1413 louge
1215 1376 1516 1412 processerunt
1533 1373 1598 1404 aut,
1616 1373 1649 1398 ut

20 1424 205 1462 parcissime
226 1425 348 1463 loquar,
364 1424 426 1462 jam
446 1423 506 1454 hoc
527 1427 637 1462 agunt,
667 1428 700 1454 ut
715 1433 748 1454 se
764 1433 780 1454 a
801 1425 953 1454 vitiorum
973 1425 1042 1454 labe
1061 1427 1207 1463 purgent.
1233 1423 1292 1453 Sed
1319 1431 1378 1452 nec
1403 1422 1545 1460 cujusvis
1571 1423 1650 1449 tem-

21 1474 134 1512 poris»
152 1474 230 1504 illud
249 1478 317 1510 est;
352 1485 365 1500 ιι
379 1482 437 1504 nec
460 1474 542 1511 apud
559 1474 705 1512 quosvis,
721 1483 779 1504 nec
794 1474 834 1503 de
849 1474 1033 1512 quibusvis,
1053 1473 1109 1503 sed
1130 1477 1216 1503 certo
1235 1477 1388 1510 tempore,
1403 1475 1432 1501 et
1450 1470 1531 1509 apud
1547 1474 1650 1500 certos

21 1524 181 1560 homines.
201 1529 229 1555 et
247 1525 463 1564 aliquousque
476 1525 534 1555 lioc
548 1524 744 1555 faciendum.
760 1537 773 1552 n
793 1525 838 1554 De
852 1525 901 1554 liis
911 1525 1076 1560 omnibus,
1095 1528 1160 1553 tum
1177 1523 1321 1553 oratione
1339 1521 1488 1551 vicesima
1501 1521 1648 1559 septimo.

21 1583 92 1613 qum
113 1575 364 1613 theologicarum
383 1575 469 1606 velut
490 1575 658 1605 exordium
677 1579 735 1610 est,
755 1579 820 1605 tum
838 1576 909 1606 aliis
927 1576 958 1605 in
979 1575 1069 1610 locis,
1090 1574 1300 1604 saluberrima
1320 1576 1470 1611 proecepta
1489 1572 1588 1602 dedit.

58 1624 103 1654 Do
127 1625 193 1654 Deo
219 1625 366 1662 praeclare
396 1628 425 1654 ct
447 1625 610 1654 subtiliter
626 1625 779 1664 disputat,
806 1625 953 1663 nibilque
979 1623 1234 1662 magnificentius
1263 1627 1293 1654 et
1320 1623 1357 1653 ad
1390 1622 1649 1661 persuadendum

20 1675 291 1705 accommodatius
322 1684 417 1714 quam
450 1680 636 1713 argumenta
666 1685 737 1713 qum
764 1685 801 1706 ex
831 1681 950 1706 naturoe
978 1675 1121 1705 miranda
1148 1678 1307 1705 structura
1331 1683 1366 1704 ac
1394 1674 1530 1712 eleganti
1550 1672 1648 1703 forma

20 1723 242 1762 deprompsit:
263 1725 424 1760 «Etenim,
454 1725 559 1763 inquit
590 1725 642 1764 (c),
671 1725 757 1764 quod
782 1726 867 1754 Deus
893 1726 947 1761 sit,
972 1734 1008 1755 ac
1033 1725 1182 1764 princeps
1201 1725 1346 1764 quredam
1364 1731 1469 1759 eausa,
1499 1730 1569 1761 quoe
1600 1731 1649 1752 res

24 1782 135 1803 omnes
156 1775 329 1812 procrearit
346 1778 440 1812 atque
460 1778 639 1809 conservet,
663 1778 727 1804 tum
755 1774 839 1804 oculi
866 1775 946 1812 ipsi,
968 1780 1032 1804 tuni
1055 1774 1105 1804 lex
1123 1774 1277 1804 naturalis
1305 1773 1441 1807 docent;
1472 1772 1532 1808 illi,
1574 1772 1648 1802 dum

20 1824 115 1855 rebus
139 1823 348 1863 inaspectum
366 1824 556 1854 cadentibus
576 1824 674 1854 aciem
696 1823 826 1860 affigunt
841 1845 848 1858 ,
873 1832 993 1862 easque
1018 1827 1047 1854 et
1066 1823 1197 1862 pult-lire
1223 1824 1298 1853 tixas
1318 1825 1347 1852 et
1371 1821 1501 1851 stabiles
1519 1829 1602 1858 esse,
1621 1825 1648 1851 et

21 1873 181 1912 progredi,
199 1877 295 1912 atque
315 1874 458 1908 immote,
483 1878 515 1903 ut
532 1874 572 1903 ita
588 1873 703 1910 dicam,
723 1874 844 1904 moveri
864 1875 1013 1913 volvique
1039 1874 1238 1912 perspiciunt
1257 1884 1264 1902 ε
1282 1872 1347 1902 lizec
1364 1876 1481 1907 autem,
1503 1872 1647 1910 durn‘per

22 1932 74 1954 res
88 1923 190 1953 oculis
206 1923 378 1962 subjectas,
395 1932 429 1954 ac
446 1927 530 1954 recto
547 1923 660 1954 ordine
678 1924 860 1959 collocatas,
879 1927 1041 1954 auctorem
1060 1933 1167 1954 earum
1182 1927 1264 1953 certa
1282 1923 1404 1953 ratione
1420 1923 1539 1960 colligit
1555 1926 1648 1960 atque

21 1975 215 2013 assequitur.
235 1973 379 2010 Quonam
397 1975 482 2003 enim
502 1975 595 2004 modo
622 1974 772 2004 universa
796 1973 859 2004 liaec
877 1982 982 2004 rerum
1002 1973 1103 2004 moles
1120 1974 1167 2003 vel
1190 1973 1340 2012 producta
1361 1981 1500 2010 unquam
1521 1971 1648 2004 suisset,

21 2024 70 2056 vel
85 2024 287 2059 consisteret,
310 2024 370 2053 nisi
393 2024 477 2054 Deus
495 2026 601 2054 omnia
633 2024 664 2054 in
695 2033 798 2054 rerum
832 2029 942 2054 natura
963 2025 1162 2063 protulisset,
1187 2028 1283 2062 atque
1304 2024 1554 2053 conservarem»
1582 2023 1650 2052 Hoc

20 2083 132 2104 ornnes
151 2077 180 2103 et
198 2073 332 2112 singulae
348 2080 502 2105 creaturae
517 2076 717 2106 conclamant
735 2076 789 2114 (d),
811 2086 825 2102 «
842 2075 1001 2114 uobisque
1019 2075 1121 2114 ipsius
1139 2084 1257 2106 numen
1274 2074 1446 2109 declarant,
1474 2083 1534 2103 non
1558 2082 1650 2103 serus

25 2124 175 2153 videlicet
203 2132 239 2154 ac
257 2123 336 2154 solis
354 2124 383 2154 in
400 2125 493 2164 aquis
512 2126 634 2156 umbrae
653 2129 748 2163 atque
771 2125 942 2154 simulacra
964 2124 1100 2154 infirmis
1123 2124 1226 2154 oculis
1255 2123 1356 2152 solem
1376 2126 1614 2160 reprmsentant.
1635 2134 1649 2149 ο

20 2172 99 2210 Quis
123 2172 217 2206 otiam
242 2173 447 2204 instrumenti
467 2176 582 2205 musici
601 2174 849 2205 concinnitatem
869 2175 1040 2214 aspiciens,
1067 2179 1120 2205 aut
1137 2178 1264 2204 cautum
1283 2173 1429 2208 audiens,
1451 2173 1648 2202 conditorem

24 2225 137 2263 ipsius,
154 2228 208 2254 aut
226 2224 434 2259 citharistam,
459 2225 538 2256 facie
558 2227 631 2257 licet
646 2227 806 2264 ignotum,
822 2229 929 2255 mente
955 2234 1017 2255 non
1039 2227 1189 2264 reputet?
1207 2224 1344 2254 Plurima
1363 2223 1506 2261 ejusdem
1524 2223 1649 2259 generis

23 2278 207 2313 argumenta
231 2278 352 2309 tractat,
370 2274 488 2312 quibus
505 2276 615 2305 mundi
634 2284 763 2306 cursum
786 2280 814 2304 ct
833 2284 938 2305 rerum
957 2275 1198 2313 aspectabilium
1217 2274 1360 2304 ordinem
1381 2273 1468 2303 casui
1488 2273 1532 2302 vel
1552 2272 1651 2302 sortu-

24 2333 70 2354 noe
86 2324 255 2360 ascribere,
275 2324 400 2353 nonnisi
420 2333 554 2353 suuuuae
583 2325 753 2354 dementioe
769 2324 908 2354 dandum
922 2325 1090 2354 manifesto
1106 2324 1236 2354 evincit.
1253 2325 1310 2353 Sed
1324 2324 1349 2353 si
1364 2332 1400 2353 ex
1421 2332 1524 2352 rerum
1540 2326 1649 2352 natura

24 2373 176 2403 divinitas
191 2374 307 2404 animis
325 2377 385 2403 tam
411 2375 582 2412 perspicue
601 2375 716 2409 elucet,
736 2383 810 2404 uun]
827 2374 894 2413 ipsa
912 2383 1002 2404 mens
1023 2378 1053 2404 et
1070 2375 1188 2404 mundo
1207 2374 1310 2409 latior,
1328 2377 1356 2403 et
1376 2373 1528 2403 creaturis
1548 2373 1651 2402 nimii-

23 2422 82 2453 bus
100 2423 407 2460 supereminentior,
433 2423 533 2453 Deum
552 2428 714 2455 auctorem
743 2433 838 2454 suum
859 2424 920 2453 sibi
938 2424 999 2463 ipsi
1019 2433 1081 2454 non
1103 2425 1215 2454 melius
1238 2423 1390 2453 indicabit
1408 2427 1436 2452 et
1463 2422 1650 2451 exhibebit?

25 2482 41 2500 σι
58 2472 95 2512 (e)
113 2473 164 2503 Sit:
181 2473 278 2511 igitur
306 2474 385 2503 ratio
409 2482 481 2513 quae
501 2483 537 2503 ex
568 2472 632 2504 Deo
653 2478 713 2510 est,
744 2478 775 2503 et
805 2473 928 2503 cunctis
955 2474 1061 2509 insila,
1089 2479 1119 2504 et
1142 2474 1240 2512 pritna
1267 2473 1296 2502 in
1325 2473 1505 2511 pectoribus
1532 2472 1649 2500 uostris

24 2521 147 2551 condita
167 2521 230 2559 lex,
258 2522 448 2563 cunctisque
466 2524 651 2554 mortalibus
672 2524 800 2560 innexa,
822 2532 880 2554 nos
907 2524 945 2553 ab
974 2523 1013 2553 iis
1041 2524 1155 2560 rebus,
1182 2532 1253 2563 quze
1274 2523 1375 2553 oculis
1400 2525 1585 2556 cernuntur,
1611 2521 1649 2551 ad

24 2569 124 2600 Deum
144 2571 305 2602 subvexit.
327 2584 340 2599 n

64 2620 187 2663 Interea
205 2621 280 2659 quid
300 2622 341 2651 sit
360 2623 446 2653 Deus
463 2624 489 2653 si
508 2629 608 2662 petas¹
627 2633 701 2656 cave
719 2634 759 2656 ne
777 2626 833 2655 tibi
850 2634 888 2655 ex
907 2625 1028 2656 caeteris
1047 2624 1202 2654 creaturis
1229 2622 1432 2655 visibilibus,
1459 2629 1531 2659 quae
1550 2622 1648 2651 Deum

24 2669 168 2707 undique
194 2671 367 2706 celebrant,
388 2673 511 2712 aliquid
531 2675 707 2706 verisimile
736 2677 847 2714 fingas.
881 2688 894 2703 α
910 2677 946 2716 (s)
967 2678 1015 2705 An
1039 2683 1155 2713 corpus
1175 2683 1247 2703 eum
1273 2682 1343 2702 esse
1371 2672 1478 2701 dices?
1504 2672 1649 2706 Quonam

24 2725 98 2755 ergo
117 2719 209 2747 modu
231 2719 420 2758 immensus,
440 2723 595 2761 infinitus,
624 2725 731 2764 figura}
748 2734 861 2764 expers
881 2730 941 2760 est,
962 2734 996 2755 ac
1015 2725 1154 2762 denique
1176 2722 1346 2762 ejusmodi,
1367 2725 1399 2751 ut
1419 2730 1475 2752 uec
1494 2720 1576 2760 tangi
1593 2729 1651 2751 ue‘·

60 2790 97 2818 tn)
118 2788 192 2815 Orat.
207 2789 252 2820 27,
268 2797 293 2816 n.
307 2791 332 2818 3.
901 2796 938 2828 (d)
960 2795 1032 2821 Orat.
1047 2796 1096 2823 28.
1114 2803 1139 2821 n.
1158 2795 1184 2821 5.

61 2825 96 2853 ιιι)
119 2822 182 2849 lt·i=t.
902 2835 936 2858 tet
959 2831 1034 2857 tnui..
1054 2839 1078 2855 ιι.
1099 2830 1138 2855 16.

62 2864 95 2886 tvi
117 2859 190 2884 Oiai.
209 2859 252 2891 28,
272 2868 297 2886 ιι.
314 2860 339 2887 6.
902 2867 936 2897 (Ι)
958 2865 1032 2895 llud,
1051 2874 1075 2890 u.
1092 2865 1116 2890 7.
