1838 3046
186 89 219 115 55
676 89 862 117 PRAEFATtO
882 89 1084 117 GENERALIS.
1105 106 1138 109 —
1157 89 1246 117 PARS
1265 90 1296 117 tt.
1763 95 1796 122 56

185 145 291 174 sutum
318 152 474 182 pronepos
493 144 738 183 (Pammachius,
772 156 865 186 quem
909 147 1124 184 Hieronymus
1154 148 1288 186 appellat
1313 149 1530 183 ἀρχιστράτηγον
1557 150 1795 190 monachorum)

183 206 197 221 «
216 195 297 224 iuter
327 204 481 233 purpuras
509 199 692 226 senatorum
720 198 810 228 furva
833 198 939 228 tunica
959 197 1098 236 pullatus
1128 198 1338 228 incederem»
1360 199 1425 230 Hoc
1454 203 1552 229 totum
1578 204 1641 235 est,
1670 200 1697 229 si
1718 200 1795 230 fides

182 245 392 274 'l'liomassino
413 246 466 283 (a),
498 246 683 284 mysterium
705 249 886 278 monasticae
918 248 1130 287 professionis
1157 250 1313 288 Gregorii,
1332 250 1452 286 Basilii,
1470 238 1698 289 Chrysostoufi,
1722 248 1794 288 etcss‚

181 297 332 325 nimirum
362 297 451 327 furva
481 299 585 328 tunica
617 299 773 337 pullatum
805 300 964 336 incedere,
997 310 1068 331 rure
1097 302 1228 332 versari.
1255 303 1323 332 Non
1353 303 1447 332 aliam
1472 303 1503 332 in
1524 302 1571 332 his
1590 303 1705 332 sanctis
1725 303 1795 332 vitae

180 348 362 377 monastiea*v
382 348 614 387 professionem
639 350 783 388 agnoscit
805 352 1046 387 Ttiomassiuus,
1065 352 1227 392 simulque
1248 357 1339 391 negat
1361 365 1374 381 «
1395 363 1466 383 vere
1498 355 1685 384 monacnum
1710 362 1792 388 esse,

180 397 241 426 nisi
261 397 368 437 quise
395 400 430 427 ad
458 402 558 429 totum
589 400 661 429 vitre
686 404 811 438 tempus
836 402 1001 439 astringat,
1027 411 1128 441 seque
1158 403 1308 433 omnibus
1339 404 1594 442 professionibus
1623 404 1735 442 spoliet
1759 412 1793 434 ac

179 449 289 478 nudet.
303 460 317 476 »
331 467 369 471 -
388 461 400 476 «
417 450 533 480 Verum
551 449 680 480 difficile
697 459 763 480 non
779 451 850 487 erit,
876 451 982 490 inquit
1009 457 1118 482 noster
1135 453 1328 483 Prudentius
1356 454 1517 489 Maranus,
1545 455 1791 484 'l'bomassinum

179 500 342 535 refellens.
360 505 534 541 utrumque
559 502 598 532 de
618 501 738 532 Basilio
755 507 916 539 astruere;
934 507 964 533 et
986 505 1070 542 quod
1097 505 1242 535 eruditus
1270 505 1500 535 Thomassinus
1520 507 1641 541 statuit,
1668 510 1702 536 ut
1720 515 1792 536 eum

180 552 372 582 monachum
395 562 457 583 non
475 555 573 584 suisse
594 554 717 592 probet,
737 553 766 584 id
793 558 980 585 convertere
998 556 1029 584 in
1056 559 1277 593 argumentum
1305 564 1386 586 verce
1410 556 1498 586 illius
1516 556 1696 586 monastic-‘e
1723 565 1794 594 pro-

177 603 342 634 fessionis.
357 615 370 631 »
391 604 481 640 Quod
500 606 537 635 de
554 605 672 634 Basilio
688 605 813 636 difficile
834 615 895 636 non
917 610 974 642 est,
992 607 1029 638 de
1046 607 1199 645 Gregorio
1215 607 1376 637 dfficilius
1392 617 1455 638 non
1474 609 1545 643 erit,
1563 608 1655 647 cujus
1672 609 1787 648 scripta

177 654 312 690 amplum
335 659 475 692 segetem
494 657 709 694 suppeditant.

214 704 334 734 Vereor
359 714 398 734 ne
415 711 516 735 actum
543 715 635 744 agere
653 706 771 739 videar,
790 710 820 736 et
849 715 1083 745 supervacaneo
1113 707 1296 738 incumbere
1329 707 1440 744 labori,
1464 708 1488 737 si
1513 708 1551 738 do
1581 709 1735 747 Gregorio
1762 707 1793 738 id

177 755 313 791 probare
342 757 619 795 aggrediar‚quod
638 758 676 787 de
698 757 816 787 Basilio
845 758 989 796 probavit
1018 759 1087 797 ejus
1117 758 1322 796 epistolarum
1356 758 1471 788 editor.
1489 759 1549 794 Qui
1579 759 1662 788 enim
1696 759 1792 788 unius

176 806 247 834 vitre
273 807 455 836 monasticze
486 806 714 844 professionem
736 807 866 844 probat,
896 811 1069 846 utrumque
1100 808 1291 838 monachum
1323 807 1425 837 fuisse
1453 807 1602 837 ostendit.
1621 807 1793 845 Aggredior

177 859 294 889 tamen,
311 856 337 885 si
356 856 485 894 quidem
505 855 585 885 lianc
602 856 797 893 provinciam
819 861 926 887 noster
944 858 1136 888 Prudentius
1154 857 1284 887 «sodali
1306 865 1439 895 operum
1459 857 1601 895 Gregorii
1619 858 1790 888 editionem

176 906 349 935 elaboranti
366 918 380 933 »
399 906 539 944 reliquit,
558 906 635 935 nibil
656 906 723 944 ipse
741 906 799 936 «in
817 907 953 946 hisquae
970 909 1007 938 ad
1027 911 1172 938 sanctum
1190 908 1378 946 Gregoriun]
1396 908 1632 938 Nazianzenum
1650 913 1790 947 spectant

172 957 401 986 immoratus.»

210 1007 247 1036 Ut
268 1007 340 1045 quis
366 1016 439 1037 vere
467 1011 495 1038 ct
520 1007 645 1045 proprie
677 1008 850 1039 monachus
880 1009 934 1044 sit,
963 1010 1098 1048 requirit
1124 1010 1355 1040 Thomassinus
1387 1014 1419 1039 ut
1448 1021 1460 1037 ι(
1476 1018 1509 1040 se
1538 1010 1574 1040 ad
1598 1013 1695 1039 totum
1724 1010 1792 1040 vitae

173 1065 299 1096 tempus
319 1058 484 1097 astringat,
505 1066 604 1096 seque
623 1058 775 1088 omnibus
801 1059 1061 1097 possessionibus
1091 1060 1206 1098 spoliet
1235 1069 1270 1090 ac
1298 1060 1437 1089 nudet.»
1468 1061 1643 1098 Utrumque
1664 1061 1791 1098 prsesti-

172 1108 248 1137 tisse
270 1108 472 1146 Gregorium,
493 1107 667 1145 Gregorius
697 1108 873 1147 presbyter,
902 1108 970 1146 ejus
1003 1109 1080 1138 Vitae
1109 1109 1251 1147 scriptor,
1272 1110 1397 1139 disertis
1427 1110 1531 1139 verbis
1561 1113 1690 1140 testetur
1715 1111 1794 1149 (p.8

171 1164 201 1188 et
218 1159 258 1197 9).
277 1159 377 1188 «lose
403 1158 462 1187 sibi
481 1158 667 1188 consulebat
696 1161 741 1193 ut,
758 1158 1029 1196 quemadmodum
1048 1159 1079 1188 in
1111 1159 1182 1188 vitae
1208 1159 1379 1189 discrimen
1407 1159 1560 1189 adductus
1591 1161 1790 1198 promiserat,

172 1211 236 1239 Deo
254 1218 324 1239 sese
354 1210 494 1243 offerret,
512 1213 572 1238 eta
593 1209 712 1238 mundo
731 1209 909 1247 sejunctus,
929 1217 1000 1239 cum
1021 1217 1058 1238 eo
1074 1209 1128 1247 qui
1149 1210 1236 1240 solus
1254 1209 1447 1248 purissimus
1473 1213 1531 1245 est,
1557 1211 1628 1240 vitae
1656 1219 1792 1241 consue-

171 1261 496 1298 tudiueJungerctur,
523 1263 618 1298 atque
641 1268 680 1289 ex
701 1259 856 1289 librorum
877 1267 1039 1289 sacrorum
1062 1260 1199 1290 lectione
1216 1260 1361 1290 veritatis
1389 1260 1591 1296 splendorem
1616 1260 1789 1292 hauriret.»

224 1323 237 1338 «
252 1311 352 1349 quue
368 1310 461 1340 etiam
483 1319 538 1348 per
557 1318 683 1339 omnem
702 1310 796 1339 vitam
814 1309 916 1340 facere
933 1317 995 1339 non
1013 1309 1148 1345 destitit,
1164 1310 1336 1340 monachus
1355 1318 1425 1340 esse
1443 1310 1547 1348 potius
1563 1311 1680 1340 liabens
1697 1320 1789 1349 quam

170 1362 363 1395 mundanus,
380 1364 410 1390 et
431 1369 550 1399 pauper
565 1368 659 1398 quam
677 1360 910 1398 quaestuarius:
931 1363 1066 1399 μοναστὴς
1083 1364 1142 1389 ἀντὶ
1159 1364 1323 1399 κοσμικοῦ.»
1341 1360 1502 1399 Quidquid
1521 1361 1615 1398 igitur
1631 1361 1787 1391 Thomas-

170 1411 258 1439 sinus
281 1410 426 1448 requirit,
455 1413 487 1438 ut
505 1409 578 1447 quis
606 1409 733 1447 proprie
752 1409 875 1440 dicatur
895 1413 923 1440 et
947 1418 1018 1439 vere
1040 1409 1080 1438 sit
1102 1410 1287 1445 inonachus,
1307 1410 1336 1439 id
1356 1418 1449 1440 omne
1472 1410 1643 1448 Gregorius
1673 1412 1792 1450 proesti-

170 1464 223 1496 tit;
253 1462 315 1490 imo
334 1461 420 1498 ptura
449 1469 541 1499 quam
567 1460 717 1498 postulat.

206 1511 367 1549 Quidquid
385 1511 532 1549 objicitur
548 1519 563 1540 a
578 1510 802 1544 Ttiomassino‚
823 1510 990 1539 adductum
1016 1511 1162 1540 crederes
1185 1509 1222 1539 ad
1246 1511 1444 1548 probandum
1463 1512 1665 1542 monasticam
1696 1512 1790 1542 vitam

169 1563 346 1600 professum
364 1561 463 1591 fuisse
478 1562 680 1600 Gregorium.
701 1561 842 1599 Opponit
860 1565 964 1591 tamen
978 1561 1024 1590 vir
1039 1561 1165 1598 doctus,
1184 1561 1337 1599 Gregorio
1350 1561 1468 1592 fontem
1488 1566 1518 1592 et
1534 1562 1659 1592 hortum
1678 1562 1790 1600 fuisse,

167 1617 311 1654 :ideoque
325 1616 427 1653 ipsum
447 1624 578 1645 suorum
596 1615 655 1644 sibi
675 1623 852 1644 reservasse
870 1617 987 1651 partem
1005 1615 1161 1645 bonorum
1179 1617 1208 1644 et
1226 1619 1388 1653 propterea
1405 1622 1476 1644 vere
1491 1617 1521 1644 et
1538 1615 1662 1653 proprie
1678 1623 1790 1645 mona-

167 1668 259 1697 chum
279 1676 340 1697 non
355 1667 465 1697 fuisse.
482 1667 553 1697 ΗΜ·
569 1666 712 1704 Gregorii
729 1666 821 1696 verba
840 1666 960 1696 suntin
977 1667 1116 1696 carmine
1136 1669 1205 1704 post
1219 1665 1392 1695 abdicatam
1410 1664 1789 1704 constantinopolitanam

166 1723 273 1750 sedem
292 1719 420 1749 condito
436 1718 529 1758 (quod
547 1718 676 1757 quidem
702 1717 870 1747 observare
892 1717 1067 1755 plurimum
1085 1716 1240 1755 interest),
1260 1716 1290 1745 in
1305 1724 1368 1754 quo
1381 1725 1414 1746 se
1434 1716 1621 1747 monachum
1641 1717 1789 1755 appellat,

166 1773 250 1811 quod
269 1772 447 1801 dissimulat
464 1770 694 1801 Thomassinus
713 1770 751 1809 (b)
773 1779 779 1797 :
802 1770 940 1808 «Nuper
956 1769 1098 1807 quidam,
1114 1769 1231 1807 inquit,
1246 1768 1376 1803 stultus,
1393 1767 1517 1798 deliciis
1534 1768 1684 1806 perditus,
1702 1769 1789 1799 dives

165 1831 259 1865 atque
287 1825 442 1859 insolens.
472 1824 601 1855 delicias
623 1823 699 1852 milii
727 1823 862 1861 vitaeque
890 1822 1055 1852 mollitiem
1080 1821 1267 1860 objectabat,
1292 1828 1361 1849 cum
1386 1819 1446 1849 alia
1466 1818 1561 1847 multa
1587 1818 1706 1854 dicens,
1724 1824 1788 1866 tum

166 1879 258 1907 etium
276 1877 366 1912 illud,
391 1885 439 1906 me
455 1876 584 1905 divitem
603 1879 634 1905 et
658 1875 823 1913 copiosum
843 1884 926 1910 esse,
948 1875 1052 1913 utqui
1074 1878 1104 1904 et
1121 1874 1260 1909 hortum,
1280 1876 1309 1903 et
1327 1872 1439 1905 otium,
1457 1873 1488 1899 et
1503 1870 1692 1899 mediocrem
1717 1869 1790 1898 fon-

166 1935 225 1958 tem
244 1930 389 1959 babeam.
409 1940 422 1955 »
440 1927 521 1957 Hinc
540 1927 700 1957 concludit
721 1926 964 1962 Tbomessinus‚
981 1926 1168 1964 Gregorium
1188 1934 1248 1954 uon
1269 1924 1373 1954 omnia
1394 1923 1474 1953 bona
1499 1921 1663 1960 abjecisse,
1695 1922 1789 1952 adeo-

164 1992 226 2020 que
247 1991 307 2010 nou
325 1981 449 2018 proprio.
467 1979 655 2010 monachum
676 1979 788 2009 fuisse.
803 1980 850 2009 Au
868 1979 964 2014 serio,
979 1987 1016 2008 an
1031 1981 1141 2017 jocose
1158 1981 1186 2007 et
1204 1978 1308 2007 ridere
1324 1976 1434 2006 volens
1450 1974 1509 2004 hoc
1525 1972 1638 2002 dixerit
1662 1973 1711 2002 vir
1735 1972 1790 2002 do-

165 2040 246 2068 ctus,
264 2033 403 2062 dubitari
422 2036 525 2069 posset
546 2032 684 2061 :mirum
703 2032 788 2062 enim
807 2032 909 2061 virum
928 2031 1054 2062 doctum
1080 2031 1196 2061 talibus
1221 2029 1400 2063 momentis,
1422 2027 1447 2056 si
1465 2029 1622 2056 momenta
1640 2025 1713 2055 licet
1732 2035 1787 2064 ap-

165 2086 294 2122 pellare,
310 2093 373 2113 rem
393 2088 451 2113 tam
466 2086 603 2120 apertam
622 2083 821 2121 impugnare.
839 2083 1012 2120 Gregorius
1029 2082 1154 2112 bortum
1170 2081 1281 2111 habuit
1295 2083 1323 2110 et
1341 2088 1470 2118 parvum
1486 2078 1622 2113 sontem3
1636 2086 1705 2116 quae
1720 2079 1790 2116 qui-

163 2135 252 2168 libet,
272 2138 305 2163 ut
323 2133 464 2172 quotidie
482 2134 638 2171 videmus,
652 2137 747 2166 habet
767 2137 896 2167 eremita
912 2148 918 2166 :
936 2137 1009 2176 quis
1022 2137 1097 2166 inde
1115 2137 1199 2167 serio
1217 2135 1356 2172 colligat,
1372 2134 1559 2172 Gregorium
1578 2142 1708 2163 suorum
1726 2133 1786 2163 siti

163 2188 281 2220 purtem
301 2185 457 2214 bonorum
479 2188 681 2216 reservasse?
698 2186 783 2216 Idem
802 2186 896 2216 etiam
918 2190 1024 2224 posset
1048 2186 1154 2216 dicere
1172 2194 1242 2215 cum
1262 2197 1275 2211 «
1295 2185 1391 2214 stulto
1413 2184 1601 2220 deliciisque
1618 2183 1750 2221 perdito,
1771 2194 1786 2211 n

163 2236 351 2273 Gregorium
375 2237 504 2266 divitem
529 2241 557 2267 ct
585 2239 751 2276 copiosum
769 2238 879 2268 fuisse.
904 2239 1004 2274 Quem
1031 2237 1204 2275 Gregorius
1224 2237 1269 2266 sie
1286 2235 1399 2266 refellit
1420 2235 1456 2274 (c)
1475 2247 1482 2265 ε
1498 2246 1511 2262 «
1534 2237 1563 2265 Si
1581 2235 1712 2270 sontem,
1739 2236 1784 2265 vei

165 2285 337 2321 hortulum,
363 2287 410 2317 vel
441 2287 626 2316 umbrosum
658 2288 922 2317 nemusculum...
949 2287 1184 2325 possideamus,
1204 2287 1233 2315 id
1258 2284 1693 2323 deliciasinterpret.aniini‚»
1721 2293 1786 2315 ma..

162 2345 253 2371 gnam
283 2341 463 2367 nostrorum
493 2340 584 2369 nobis
604 2344 722 2378 partem
742 2340 899 2369 bonorum
927 2348 1105 2369 reservasse
1128 2337 1337 2369 arbitramini.
1356 2348 1368 2363 α
1385 2337 1467 2372 Quid
1496 2345 1579 2371 vero,
1604 2337 1745 2375 inquam,
1767 2345 1787 2366 ο

164 2391 271 2425 miser,
290 2391 484 2427 lucr-vmasne
504 2396 600 2427 taces,
620 2397 648 2422 et
664 2393 784 2422 ventris
807 2393 944 2427 frenum,
963 2397 991 2422 et
1011 2401 1150 2430 genuum
1169 2391 1310 2426 vulnera,
1330 2393 1503 2425 noctesque
1519 2387 1691 2423 insomnes,
1711 2387 1787 2424 qui-

162 2439 220 2468 bus
240 2441 385 2470 monachi
405 2450 459 2471 sna
476 2450 605 2480 corpora
627 2442 832 2472 conficientes
852 2444 1007 2472 enecant?
1026 2453 1039 2468 ι»
1056 2441 1130 2471 Hsnc
1145 2440 1316 2478 Gregorius
1342 2448 1348 2467 :
1376 2446 1469 2476 quem
1490 2436 1593 2465 omnia
1621 2435 1785 2473 abjecisse·

161 2499 260 2530 seque
278 2493 428 2522 omnibus
450 2495 713 2531 possessionibus
735 2495 890 2531 spoliasse
906 2503 940 2524 ac
956 2494 1107 2528 nudasse,
1135 2492 1220 2530 quod
1237 2489 1368 2529 requirit
1394 2487 1624 2518 Ttiomassinus
1654 2489 1686 2515 ut
1714 2485 1785 2524 quis

163 2554 235 2573 vere
261 2545 434 2574 inonachus
460 2545 520 2575 dici
539 2550 568 2574 ot
588 2554 658 2574 esse
677 2546 790 2583 possit,
807 2549 925 2575 certum
951 2549 996 2575 est
1019 2544 1187 2582 ipsiusmet
1205 2543 1319 2573 verbis.
1337 2540 1447 2570 Omnia
1477 2539 1610 2574 dimisit,
1628 2538 1706 2568 nibil
1724 2538 1783 2568 sibi

162 2606 306 2633 servans,
324 2598 419 2627 etiam
439 2597 595 2627 sncundiw
617 2598 741 2628 labores
760 2609 766 2627 ι
792 2610 804 2623 «
824 2598 936 2627 Omnia
958 2598 984 2627 ei
1006 2597 1060 2635 qui
1081 2605 1130 2626 me
1154 2597 1184 2625 in
1209 2598 1325 2625 sortem
1349 2593 1468 2630 accepit
1489 2595 1519 2621 et
1551 2590 1684 2621 servavit
1701 2592 1784 2620 dono

162 2650 249 2685 «jotti,
269 2651 503 2686 possessiones,
520 2653 628 2687 κτῆςιη,
652 2661 664 2675 »
680 2652 739 2678 etc.
757 2659 763 2677 ε
782 2648 889 2678 cadem
909 2647 1024 2686 passim
1044 2646 1157 2684 repetit
1172 2643 1343 2682 Gregorius
1359 2643 1390 2672 in
1405 2640 1601 2673 orationibus
1620 2644 1649 2671 et
1668 2641 1699 2670 in
1715 2647 1786 2671 earo

163 2700 314 2729 minibus.

198 2783 234 2807 ’ἡ
254 2781 281 2806 Υ.
302 2782 341 2811 ἳῦ,
360 2782 427 2807 troi
443 2782 484 2810 15,
501 2789 525 2811 p.
547 2780 603 2807 103.
1042 2779 1076 2812 (r)
1095 2777 1173 2809 ibid„
1188 2786 1210 2802 v.
1232 2776 1261 2803 25
1274 2782 1299 2803 ct
1318 2782 1372 2810 seq.

197 2825 214 2847 xr
230 2827 231 2839 t
246 2817 332 2843 (lui-nt.
350 2818 382 2841 nl.
400 2816 442 2847 59,
458 2817 509 2842 nt
538 2816 557 2841 i.
